1686 3025
556 202 831 253 MAXJMVS
879 203 1096 255 mum.
1359 221 1384 256 ι,
1398 216 1454 269 15

201 331 322 386 tine,
357 346 457 376 cum
483 331 857 388 interpretatione
892 339 939 377 et
975 331 1093 382 notis
1125 327 1239 380 Dan,
1271 329 1453 388 Heinsti,

201 397 300 457 (qui
339 414 391 443 ex
425 399 554 443 codd.
579 396 796 443 Parifienfi
828 407 876 444 et
895 398 1088 444 Palatino
1115 399 1328 457 quaedam
1353 415 1452 443 cot-“-

198 466 348 521 rexit.)
381 462 667 514 Access'erunt
704 465 880 511 Alcinoi
922 467 1195 511 introduffio
1232 468 1279 514 in
1309 467 1453 511 Plato«

198 548 332 585 nem,
367 543 416 578 et
441 533 826 593 Pythagoreorum
853 537 1097 594 fragmenta
1124 549 1222 581 cum
1249 532 1449 583 versione

172 600 318 646 Guil.
365 602 546 647 Canteri
593 608 642 645 et
676 600 853 657 Apuleii
887 598 1000 645 liber
1033 603 1090 646 de
1121 602 1209 651 deo
1246 603 1451 655 Socratis,

196 668 339 728 Lugd.
358 671 408 714 Β.
443 669 580 724 1607.
606 673 651 718 8.
672 669 946 713 emendatius
983 669 1113 720 dein,
1151 665 1307 713 omisso
1331 670 1452 727 Apu-

193 732 269 780 leii
293 735 408 780 libro
431 750 531 782 cum
564 737 822 794 fragmentis
848 735 1258 795 Pythagoreorum,
1283 737 1451 787 ibidem

201 803 337 860 1614.
365 808 409 854 8.
429 826 487 834 --
524 801 693 847 Heinlii
716 811 876 855 textus,
909 802 998 846 fine
1019 805 1155 857 notis,
1192 820 1258 863 gr.
1294 813 1340 848 et
1370 802 1451 850 lat.

193 871 413 924 repetitus
439 869 500 913 est
531 868 733 913 formulis
766 869 1098 929 typographicis
1115 904 1128 922 ,
1155 871 1367 929 Lugduni
1393 885 1450 915 ex

191 933 366 978 officina
390 935 560 980 Claudii
584 937 736 980 Lariot
767 937 905 995 1630.
939 944 980 987 8.
1004 944 1067 994 et,
1099 938 1173 982 vbi
1193 952 1317 989 vero,
1336 952 1448 994 quae

189 1001 442 1059 probabiles
467 1004 730 1048 videbantur
748 1003 932 1056 editori,
963 1003 1175 1061 Stephani
1188 1002 1448 1062 Heinsiique

189 1068 492 1131 castigationes
509 1073 553 1115 in
580 1065 754 1116 textum
772 1081 975 1128 receptae
991 1071 1106 1124 sunt,
1120 1072 1284 1116 Oxonii
1304 1085 1319 1115 1
1332 1072 1448 1129 677,

195 1148 269 1182 12,
298 1162 347 1171 -
386 1140 453 1186 Bis
483 1140 688 1196 denique.
706 1148 752 1183 et
779 1141 950 1195 optime
985 1139 1041 1182 de
1070 1139 1263 1185 Maximo
1302 1139 1445 1195 Tyrio

188 1206 375 1249 meritus
399 1205 459 1249 est
482 1205 697 1266 Dauistus,
742 1207 816 1263 qui
836 1208 1055 1265 primum,
1095 1221 1161 1265 gr.
1183 1214 1229 1250 et
1250 1204 1327 1250 lat.
1343 1219 1447 1256 cum

187 1274 310 1316 notis
331 1271 491 1316 Heinsii
514 1273 685 1331 suisque
708 1281 799 1319 tam
830 1275 1015 1327 criticis,
1052 1288 1183 1330 quam
1215 1272 1448 1317 historico-

186 1338 503 1396 philosophicis
546 1342 786 1384 Maximum
816 1342 957 1386 edidit
977 1341 1183 1385 Cantabr.
1224 1352 1360 1399 1703.
1401 1348 1444 1390 8.

187 1407 308 1457 dein,
341 1408 499 1450 ordine
527 1403 879 1455 dissertationum
900 1408 1141 1455 secundum
1155 1405 1439 1458 cod.Parisin.

187 1482 389 1528 mutato,
429 1476 481 1517 ad
516 1475 628 1518 duos
663 1476 838 1518 codices
875 1482 1048 1519 textum
1083 1490 1213 1531 quam
1242 1473 1441 1532 plurimis

186 1540 296 1587 locis
329 1542 607 1592 emendauit,
664 1542 844 1598 suasque
877 1550 1005 1585 notas
1040 1540 1271 1600 insigniter
1303 1543 1440 1598 auxit,

186 1622 316 1665 quam
337 1622 500 1650 nouam
522 1605 677 1652 Dauisii
705 1606 1033 1659 recensionem,
1067 1607 1165 1664 post
1195 1607 1308 1652 illius
1341 1610 1440 1652 obi-

181 1682 296 1728 tum,
331 1677 518 1724 Ioannes
545 1675 680 1717 VVard
703 1673 866 1730 publici
887 1673 990 1716 iuris
1018 1676 1148 1727 fecit,
1183 1682 1229 1719 et
1250 1676 1440 1722 adnota-

179 1743 380 1787 tionibus
414 1740 494 1786 Ier.
515 1736 799 1792 Marklandi‚
835 1742 1019 1800 ingenio
1051 1739 1176 1784 huius
1209 1742 1352 1800 dignis
1388 1750 1438 1795 et

180 1809 412 1858 maximam
431 1818 602 1866 partem
629 1809 813 1862 criticis,
861 1809 1051 1851 ornauit.
1073 1807 1263 1851 Londini
1280 1840 1291 1860 ,
1325 1809 1437 1857 sum-

178 1878 296 1922 tibus
318 1876 537 1921 societatis
556 1877 608 1933 ad
633 1875 802 1920 litteras
829 1876 1156 1932 promouendas
1193 1874 1434 1929 institutae,

184 1955 328 2002 1740.
361 1958 407 2000 4.
451 1941 730 1987 Marklandus
754 1959 851 2003 pag.
885 1942 996 2000 648.
1031 1943 1123 2000 sqq.
1159 1945 1218 1986 ob
1247 1941 1433 2002 singula-

176 2026 274 2056 rem
297 2010 541 2054 lettionum
570 2008 884 2068 diuet-litatem,
919 2011 1156 2062 arbitratur
1185 2008 1430 2066 etcopiose

175 2081 417 2137 probatum
451 2079 501 2131 it,·
543 2079 782 2125 Maximum
808 2079 948 2136 ipsum
983 2078 1072 2121 suas
1104 2073 1428 2125 differtationes

172 2147 243 2191 bis
268 2141 562 2203 recensuisse,
598 2152 645 2191 et
673 2146 937 2193 sententiam
972 2144 1088 2188 suam
1130 2145 1297 2201 saepius
1332 2159 1430 2195 mu-

174 2208 296 2263 tasse.
329 2236 378 2247 α-
464 2215 683 2270 Disputat.
709 2213 938 2270 quomodo
959 2210 1159 2255 adulator
1194 2213 1246 2254 ab
1283 2213 1424 2260 amico

175 2278 382 2339 distingui
405 2277 551 2338 poffic‚
588 2295 745 2340 graece
765 2290 812 2323 et
832 2279 902 2323 lat.
931 2293 1030 2322 cum
1055 2277 1425 2338 castigationibus,

173 2353 225 2390 et
249 2349 368 2390 notis
394 2349 617 2395 variorum
644 2347 815 2404 suisque
843 2346 985 2390 edidit
1015 2344 1070 2391 Io.
1089 2341 1239 2394 Adam,
1262 2341 1424 2403 Schier‚

172 2411 443 2459 Helmstadii.
486 2415 625 2471 1760.
652 2421 694 2467 8.
722 2439 788 2448 —
855 2414 1007 2458 Altera
1029 2409 1188 2462 Dauifii
1205 2413 1274 2459 ed.
1297 2428 1424 2470 repe-

173 2481 258 2528 tita
293 2479 356 2528 est
387 2480 550 2541 Lipsiae
585 2496 728 2542 1774.
763 2487 805 2533 8.
848 2496 950 2533 cura
997 2479 1033 2530 Ι.
1064 2479 1098 2533 J,
1127 2478 1309 2536 Reislzii,
1345 2480 1422 2538 qui

744 2549 785 2596 O
812 2563 848 2611 4
1290 2561 1423 2606 quae-
