1727 3005
565 244 951 292 PLVTARCHVS.
1321 260 1388 305 79

145 369 303 432 Taylor
323 373 370 416 in
390 370 568 416 lestion.
594 369 775 431 Lysiacis
807 386 898 428 cap.
925 384 951 428 7
977 365 1180 412 Ruhnken
1194 370 1238 412 in
1256 367 1390 412 histo-

138 442 201 484 ria
229 442 377 484 critica
404 452 515 485 orat.
536 456 635 498 pag.
650 453 728 497 47.
752 439 811 496 sq.
825 431 920 496 <qui
937 447 1084 482 tamen
1095 438 1265 481 auctori
1279 436 1393 479 sum-

138 523 254 551 mam
279 506 413 551 fidem
440 508 744 564 summumque
771 507 864 549 veri
906 504 1092 550 studium
1117 505 1308 559 tribum)
1346 510 1395 547 et

137 574 210 619 alii
243 584 435 634 negant,
473 574 749 620 Plutarchum
784 572 945 617 habere
970 573 1208 616 auctorem.
1278 573 1391 616 Sunt

139 658 345 700 quoque,
407 644 480 699 qui
514 643 807 691 arbitrentur,
843 639 919 684 lib.
955 642 1011 684 de
1035 640 1202 697 placitis
1233 637 1394 695 philos.

138 709 337 754 libellum
358 710 413 752 de
434 704 672 751 fluuiorum
705 705 1004 764 adpellatione
1031 708 1155 765 (vide
1170 702 1395 762 ,Dodlvelli

139 773 231 820 diff.
245 770 615 834 praemiffamvol.
633 776 681 818 11.
696 790 856 835 geogr.
879 776 1043 818 veteris
1068 775 1215 830 script,
1242 788 1389 832 graec.

139 846 365 888 minorum
379 858 477 902 pag.
509 857 600 900 104
620 843 729 901 sqq).
753 851 801 886 et
823 841 1198 900 apophthegmata
1222 838 1394 887 mamas·

136 911 385 966 suspicione
410 909 523 953 haud
545 925 718 968 carere,
751 917 883 967 atque
904 899 1129 966 epistolam
1161 909 1214 950 ad
1242 908 1392 950 Traia-

138 993 246 1020 num
279 974 366 1021 esse
401 979 585 1021 omnino
633 978 833 1035 spuriam.
922 975 1188 1036 Langhprne
1232 984 1391 1017 contra

137 1043 249 1089 hanc
272 1043 497 1103 epistolam
520 1046 744 1089 vindicare
774 1043 919 1088 studet
954 1042 1214 1097 Plutarcho,
1257 1055 1393 1098 quem
1471 1066 1474 1073 ›

138 1121 315 1170 praeter
337 1127 386 1156 ea
405 1114 591 1157 maxime
611 1110 840 1170 probabile
859 1112 1000 1156 videri
1020 1113 1243 1168 opinatur,
1267 1103 1392 1152 fuiffe

138 1181 316 1224 Traiani
339 1191 702 1238 praeceptorem:
741 1180 815 1224 sed
852 1196 894 1225 V.
931 1194 1043 1238 quae
1078 1179 1129 1222 ad
1153 1193 1220 1221 nr.
1246 1191 1285 1218 2.
1308 1191 1391 1219 no-

140 1246 247 1293 taui.
313 1247 586 1305 opusculum
623 1249 679 1292 de
703 1248 969 1292 educatione
993 1246 1263 1297 liberorum,
1295 1259 1392 1287 non

141 1316 314 1371 pueriS,
353 1316 430 1359 sed
458 1316 713 1373 parentibus
749 1316 985 1373 scriptum,
1018 1316 1139 1357 cuius
1172 1314 1392 1369 interpre-

140 1383 254 1425 tatio
278 1385 420 1424 minus
454 1391 553 1439 apta
576 1391 623 1427 et
639 1382 756 1428 vtilis
776 1386 861 1427 erit
878 1384 984 1440 pubi
1006 1379 1295 1436 scholasticae,
1325 1381 1393 1422 vir

144 1449 322 1505 quidam
344 1448 512 1500 doetus,
546 1451 593 1492 in
621 1442 825 1493 biblioth.
848 1451 1011 1500 critica,
1047 1456 1160 1506 part.
1190 1447 1263 1490 ΙΙΙ.
1286 1449 1394 1490 Am·

143 1514 236 1562 stel.
266 1523 407 1573 1778.
429 1531 526 1574 pag.
565 1516 643 1559 46.
672 1532 766 1559 non
803 1515 1042 1568 Plutarchi,
1091 1515 1168 1558 sed
1198 1513 1394 1570 hominis

142 1584 281 1626 ieiuni
304 1591 351 1626 et
371 1584 513 1638 inepti
540 1579 628 1626 effe
655 1582 829 1626 censet:
863 1590 910 1626 et
943 1590 1046 1627 ante
1073 1597 1176 1625 eum
1197 1581 1395 1622 Muretus

143 1665 232 1696 var.
266 1648 448 1692 leetion.
484 1647 558 1692 lib.
605 1649 720 1692 XIV.
755 1639 848 1705 cap.
878 1650 914 1692 Ι.
945 1644 1084 1692 Andr.
1125 1645 1312 1690 schottus
1346 1649 1395 1691 in

143 1716 303 1774 quaest.
328 1714 539 1759 Tullianis
553 1713 628 1760 lib.
642 1717 720 1762 IV.
749 1730 852 1773 pag.
884 1728 991 1770 277.
1010 1728 1058 1757 ac
1071 1713 1394 1769 Dan.He2·nstus

140 1786 189 1829 in
209 1783 458 1843 prolegom.
472 1783 525 1827 ad
546 1783 668 1827 suum
680 1782 912 1827 Aristarch.
928 1782 1095 1827 sacrum
1109 1795 1210 1842 pag.
1225 1780 1252 1824 6
1262 1787 1283 1833 8
1296 1796 1317 1839 3
1330 1813 1340 1826 0
1356 1804 1397 1816 -·-

139 1850 395 1896 Plutarchus
416 1866 471 1894 an
494 1852 610 1895 vitae
621 1852 867 1908 Ciceronis,
893 1850 966 1908 (in
987 1848 1220 1907 parallelis)
1244 1849 1398 1893 audior
1458 1844 1459 1854 ³

144 1916 224 1978 fit,
266 1920 470 1964 dubitare
497 1919 678 1964 videtur
709 1913 919 1960 Corradus
950 1920 997 1961 in
1030 1916 1253 1975 quaestura
1287 1932 1393 1976 pag.

150 1992 259 2046 378.
281 1995 455 2032 at<non
478 1986 651 2030 dubitat
685 1983 939 2044 quuelinus
969 1986 1037 2028 in:
1073 1987 1136 2028 Le
1162 2000 1396 2028 nouveaux

143 2052 378 2099 memoires
405 2055 461 2097 de
486 2052 513 2096 l'
537 2055 772 2097 Academie
794 2051 947 2112 royale
985 2053 1042 2096 de
1067 2051 1214 2097 Berlin
1234 2067 1348 2108 pour
1369 2051 1397 2095 l'

145 2121 287 2165 anne'e
310 2127 445 2179 ¹780·
466 2121 539 2164 vbi
563 2135 659 2180 pag.
685 2134 780 2178 504
801 2122 848 2164 in
865 2122 1030 2165 duabus
1054 2116 1398 2164 comm.differit

145 2190 203 2233 de
228 2191 328 2235 vitis
355 2187 583 2246 paralleliS‚
605 2204 706 2246 quas
731 2189 942 2248 genuinas
964 2182 1051 2231 effe
1077 2187 1271 2245 iudicat,
1305 2186 1397 2230 lau-

147 2257 312 2314 datque
335 2257 525 2300 auctoris
550 2254 782 2300 artificium
803 2261 876 2308 et,
912 2270 1021 2312 quae
1041 2256 1086 2297 in
1119 2256 1171 2297 iis
1206 2254 1400 2298 conscri-

151 2325 306 2368 bendis
357 2330 590 2382 praecepta
622 2321 699 2366 fibi
731 2322 934 2367 habuerit
966 2318 1218 2380 proposita,
1252 2323 1398 2379 inqui-

151 2392 220 2434 rit.
310 2393 431 2436 Vitas
473 2388 694 2448 parallelas
729 2392 934 2444 maiores,
974 2388 1176 2434 adfirmat
1220 2387 1396 2434 mutilas

151 2453 238 2501 esse
259 2466 306 2503 et
325 2456 629 2516 transpositas,
665 2465 712 2502 et
745 2457 908 2502 librum
938 2458 994 2501 de
1015 2459 1213 2501 Homero
1236 2455 1401 2502 Plutar-

151 2522 223 2570 chi
244 2527 427 2572 nomine
452 2524 748 2586 superstitem,
778 2540 972 2572 necnon
992 2525 1048 2570 de
1069 2529 1124 2576 X.
1142 2524 1399 2573 rhetoribus

1296 2591 1400 2640 hbl'o
