1727 3005
331 242 392 314 9'8
765 237 1153 301 PLVTARCHVS.

331 377 599 435 scriptorum
616 373 812 419 lectione
833 375 1027 419 imbutus
1046 374 1262 421 a-recenti
1295 389 1435 434 eaque
1456 373 1581 423 *varia

282 480 285 485 .
332 445 522 489 leelione
543 444 595 487 ad
618 441 897 485 scribendum
921 442 1046 499 saepe
1070 438 1263 495 acceffit‚
1324 451 1371 487 et
1404 449 1582 500 praeter

312 510 701 565 ‘consuetudinem
723 511 946 552 bonorum
973 509 1262 567 scriptorum,
1316 511 1452 553 immo
1472 524 1580 553 vero

245 615 249 621 ,
333 586 511 637 praeter
531 577 698 619 sobriae
725 574 1008 633 eloquentiae
1032 574 1353 634 aequabilisque
1369 577 1582 622 orationis

333 652 568 703 praecepta
590 650 636 688 et
659 651 884 702 naturam,
927 644 1044 687 suam
1066 645 1318 688 orationem
1339 643 1586 688 sententio·

335 711 386 756 lis
410 720 611 755 veterum
643 718 874 767 poetarum
902 725 949 754 ac
981 710 1349 768 philosophorum
1376 707 1584 766 constipa-

333 788 448 832 tam,
497 788 544 822 et
578 786 800 834 tamquam
833 776 1016 820 floribus
1053 778 1211 834 pictam
1245 784 1293 821 et
1335 779 1584 821 confertam.

333 846 462 903 saepe
487 845 735 901 composuit
764 851 811 890 et
840 844 1182 889 consarcinauit:
1234 859 1256 888 a
1278 843 1489 889 suauitate
1507 848 1634 888 ve›'¹

331 921 504 965 terum,
547 912 791 972 elegantia,
838 910 1022 956 naturali
1056 910 1379 968 pulcritudine,
1425 912 1585 966 verbo-

332 995 521 1037 rumque
546 977 728 1023 flumine
765 978 981 1036 aequabili
1011 979 1176 1036 saepius
1211 978 1470 1031 declinauit,
1535 983 1586 1022 et
1670 998 1673 1001 ·

333 1047 578 1091 dictionem
603 1047 709 1091 fecit
727 1061 822 1090 non
845 1045 986 1090 solum
1007 1044 1321 1098 duriusculam,
1378 1046 1583 1102 inaequa.

333 1114 425 1159 lem
449 1122 579 1171 atque
602 1112 885 1166 maculosam,
914 1112 985 1157 sed
1010 1114 1111 1157 ideo
1132 1128 1310 1170 quoque
1342 1112 1586 1157 obscuram·-

334 1183 458 1232 Quae
480 1181 717 1225 obscuritas
744 1181 849 1224 inde
869 1189 1082 1240 augetur,
1115 1181 1238 1238 quod
1264 1178 1513 1223 Plutarchus
1529 1178 1585 1223 ad
1615 1186 1617 1188 '

273 1269 276 1272 ·
334 1248 576 1292 fabularem
598 1248 924 1306 mythicamque
949 1247 1197 1300 historiam,
1231 1254 1317 1290 aut
1333 1247 1385 1289 ad
1403 1253 1589 1289 contro-

335 1314 492 1360 uerfias
518 1315 841 1373 philosophicas
865 1316 999 1359 etiam
1024 1307 1227 1368 subtiles,
1273 1328 1356 1356 nec
1383 1313 1588 1355 omnibus

336 1392 508 1440 apertas
534 1384 850 1441 cognitamque,
884 1382 1142 1438 frequenter
1168 1378 1351 1422 adludit.
1385 1379 1591 1424 Studium

337 1452 475 1510 igitur
489 1480 502 1502 ‚
531 1448 708 1493 laudem
729 1458 862 1508 atque
883 1448 1221 1492 admirationem
1250 1447 1419 1506 ingenii
1442 1454 1490 1491 et
1511 1446 1597 1490 do·

335 1517 599 1566 firmarum,
670 1531 765 1559 non
795 1516 1091 1560 imitationem
1126 1522 1274 1558 meret
1303 1512 1378 1557 ille
1412 1514 1596 1572 eiusque

341 1583 476 1628 difflo
492 1615 504 1636 ‚
540 1584 597 1627 de
618 1598 702 1640 qua
723 1583 926 1639 quidem,
961 1596 1072 1638 quae
1093 1596 1116 1624 a
1137 1583 1277 1636 patria
1300 1587 1346 1624 et
1369 1582 1523 1625 aetatis
1537 1579 1598 1627 la.-

341 1652 399 1695 be
421 1650 536 1694 haud
561 1665 693 1707 pauca
713 1648 788 1692 fibi
806 1656 1087 1693 contraxerat
1109 1649 1237 1700 vitia,
1283 1640 1427 1691 multo
1451 1648 1596 1708 graui-

341 1735 393 1762 us
416 1719 581 1762 iudicat
601 1715 749 1758 Reiske
774 1718 820 1759 in
843 1717 1116 1773 praefatione
1150 1715 1204 1758 ad
1231 1715 1530 1758 Animaduers.
1550 1715 1599 1760 in
1644 1725 1648 1728 ’

338 1784 561 1830 Plutarchi
583 1783 800 1841 Opuscula
818 1782 996 1827 moralia
1016 1798 1113 1842 pag.
1137 1794 1152 1824 1
1169 1796 1243 1840 19.
1270 1782 1360 1839 sqq.
1384 1783 1431 1824 in
1444 1783 1599 1827 Anim-

344 1850 655 1897 aduerfionum
695 1852 749 1895 ad
776 1866 955 1910 graecos
985 1849 1183 1893 auctores
1211 1847 1312 1892 vol.
1351 1849 1404 1896 11.
1430 1846 1597 1907 Lipsiae

351 1933 490 1978 1759.
519 1925 561 1971 8.
595 1919 706 1963 adde
727 1919 924 1963 eiusdem
943 1918 1153 1962 iudicium
1174 1917 1222 1960 in
1251 1917 1598 1978 Erinnerungen

345 1988 438 2031 und
458 1986 678 2032 Zusatzen
699 2002 750 2030 zu
775 1986 867 2030 den
887 1987 960 2031 VI.
985 1982 1118 2034 Theil
1154 1984 1235 2034 der
1267 1983 1528 2029 Geschichte
1552 1985 1599 2030 d.

344 2057 440 2099 Par.
468 2056 603 2099 Acad.
625 2054 986 2112 contraGedoyn
1003 2054 1051 2096 in
1074 2049 1275 2096 versione
1292 2049 1494 2095 historiae
1510 2059 1609 2100 etc.
1658 2042 1665 2047 ’

347 2124 598 2184 germanica
636 2120 895 2166 Gottsched.
920 2129 1032 2164 tom.
1067 2120 1144 2165 XI.
1168 2134 1266 2178 pag.
1297 2131 1313 2159 1
1330 2130 1384 2175 15
1410 2118 1502 2176 sqq.
1543 2121 1599 2164 In

345 2191 446 2233 vitis
471 2198 622 2234 tamen
644 2189 918 2245 exponendis
931 2186 1145 2247 fingulare
1170 2194 1217 2231 et
1249 2186 1497 2231 imitatione
1533 2186 1599 2230 di.-

347 2253 471 2317 gmss
475 2271 596 2300 mum
622 2256 793 2313 semper
817 2256 903 2299 erit
932 2270 971 2298 e:
969 2252 1196 2311 Memplum

457 2325 502 2370 6
535 2323 661 2368 Plura
680 2323 735 2368 de
756 2321 988 2368 Plutarcho
1009 2323 1109 2366 vide
1131 2320 1246 2379 apud
1275 2313 1519 2362 Fabricium
1552 2322 1601 2369 B.

354 2392 427 2435 Gr
456 2394 575 2436 Libr
600 2391 699 2435 ΙΙΠ
724 2390 833 2447 Cap
854 2392 929 2434 XI.
953 2387 1052 2433 Vol.
1074 2388 1147 2432 111.
1226 2385 1422 2429 Brucker.
1449 2385 1601 2435 histor.

322 2459 449 2502 crit.
472 2456 628 2516 philos.
653 2460 786 2501 Tom.
813 2458 866 2500 ΙΙ.
892 2471 992 2516 pag.
1021 2460 1127 2513 178.
1151 2454 1243 2514 sqq.
1275 2462 1321 2498 et
1343 2455 1390 2497 in
1419 2456 1600 2517 Appen·

354 2525 396 2570 di
389 2540 451 2569 ce
473 2540 572 2584 pag
598 2537 705 2585 357.
726 2524 816 2583 sqq.
839 2538 1002 2581 eosque
1026 2522 1289 2583 scriptore3‚
1336 2536 1446 2581 quos
1466 2520 1627 2632 Ηῖηι-

1539 2601 1604 2632 cr-
