1727 3005
548 226 797 274 FLAVIVS
825 225 1108 274 IOSEPHVS.
1400 245 1462 292 ςς

289 353 344 400 In
368 351 477 398 Hist.
502 355 619 402 acad.
640 355 775 400 Paris,
799 348 1149 412 Inscript.1varia
1184 350 1361 410 Iosephi
1390 352 1460 398 lo.

194 435 244 467 ca
264 421 539 480 explicantur
564 432 640 469 aut
663 421 958 473 illustrantur;
998 437 1048 470 n.
1085 421 1323 466 secundum
1352 436 1458 481 ger-

191 491 406 534 manicam
447 491 761 536 Gottschediae
795 488 1044 534 versionem
1081 488 1143 533 est
1161 498 1271 534 tom.
1294 491 1328 533 I.
1353 504 1455 550 pag.

199 564 308 618 138.
335 574 400 612 ea,
437 574 547 614 quae
567 557 776 615 Iosephus
798 572 898 600 cum
918 556 1143 603 nonnullis
1167 557 1455 614 scriptoribus

193 624 481 669 ecclesiasticis
504 633 685 669 narrant
705 625 761 668 de
788 625 1058 684 gigantibus,
1094 620 1181 669 esse
1196 624 1309 677 falsa,
1344 639 1456 668 con-

192 694 341 738 tendit
367 688 578 741 Tilladet3
610 694 657 735 in
677 692 778 735 eod.
799 702 930 735 tomo
956 707 1055 752 pag.
1083 706 1173 749 157
1199 693 1256 737 de
1282 691 1456 734 Morini

191 759 447 804 conieftura
466 760 523 803 de
547 758 770 804 onolat'ria
790 759 1054 803 Iudaeorum
1074 760 1127 803 ad
1150 759 1247 803 libr.
1268 761 1322 805 ΙΙ.
1346 775 1457 804 con-

190 836 259 872 tra
286 829 507 884 Apionem
530 842 623 884 cap.
647 841 695 884 4.
722 827 960 870 Variorurn
979 829 1032 874 V.
1053 827 1107 873 D.
1130 828 1366 883 opiniones
1388 837 1459 872 at!

190 909 280 950 que
300 895 694 951 interpretationes
720 893 952 953 postquam
973 895 1008 938 is
1033 888 1270 947 recensuit,
1298 892 1458 950 (atque

188 960 334 1018 plnres
360 963 416 1005 de
437 961 514 1006 illo
540 961 642 1007 ficio
667 962 790 1007 cuitu
815 965 1046 1023 egerunt,)
1082 977 1145 1015 ea,
1179 976 1289 1019 quae
1304 961 1457 1005 Iudaei

187 1028 244 1071 de
266 1027 383 1072 atino
406 1028 554 1087 lepide
575 1040 832 1083 narrarunt,
887 1032 1079 1074 deorum
1110 1027 1355 1076 cultoribus
1377 1043 1459 1073 oc-

188 1094 408 1141 cafionem
431 1096 727 1143 calumniandi
746 1094 911 1142 dediss'e
936 1098 1169 1155 suspicatus
1196 1095 1271 1142 est.
1304 1122 1365 1130 --
1399 1098 1457 1141 In

188 1172 321 1209 tomo
344 1167 394 1210 11.
416 1180 515 1225 pag.
545 1179 603 1223 27
630 1166 724 1223 sqq,
750 1165 907 1208 Boiuz'n
929 1166 1136 1210 defendit
1166 1163 1455 1209 Manethonis

187 1234 518 1286 narrationem,
584 1248 607 1278 a
639 1233 830 1291 Iosepho
869 1242 1026 1279 contra
1060 1234 1287 1291 Apionem
1317 1230 1394 1276 lib.
1418 1232 1455 1278 I.

190 1301 425 1354 probatam
446 1301 504 1344 de
530 1302 653 1361 regi'a
677 1300 969 1347 israelitarum
991 1303 1038 1345 in
1067 1304 1279 1361 Aegypto
1308 1300 1458 1359 digni-

190 1372 285 1410 tate
329 1366 352 1409 s
384 1369 581 1426 Aegypti
612 1368 840 1412 inuasores
908 1365 1033 1418 fuisse
1064 1368 1279 1416 Israelitas
1311 1365 1457 1425 pasto·

190 1447 262 1475 res
283 1449 294 1476 ε
324 1433 627 1490 quamBanier
648 1436 817 1479 ibidem
854 1451 953 1495 pag.
986 1449 1048 1495 34
1079 1436 1171 1493 sqq.
1194 1441 1458 1493 oppugnat:

189 1499 267 1553 (de
293 1515 378 1557 qua
408 1516 458 1544 re
495 1501 785 1548 controuersa
810 1500 1007 1559 pluribus
1027 1504 1104 1563 egi
1127 1502 1182 1546 ad
1202 1502 1388 1546 Fabricii
1407 1503 1459 1548 B.

191 1568 267 1610 Gr.
294 1566 384 1610 vol.
405 1568 479 1610 IV.
501 1581 602 1625 pag.
630 1579 720 1625 130
746 1565 840 1624 sq.)
865 1586 922 1598 --
942 1577 1057 1614 tom.
1090 1570 1166 1611 ΙΙΙ.
1207 1582 1304 1628 pag.
1344 1582 1402 1625 57
1413 1578 1460 1626 5⁴

187 1634 433 1677 memoriae
451 1634 678 1689 proditur,
707 1632 883 1679 Boiuin.
905 1634 1129 1678 seniorem
1142 1630 1360 1692 reliquiffe
1373 1650 1459 1678 no-

166 1715 169 1717 *
189 1707 255 1746 tas
280 1700 474 1744 eruditas
499 1698 770 1757 amplasque,
810 1700 921 1745 edit.
940 1699 1058 1747 Baffl.
1081 1716 1118 1747 a.
1148 1714 1165 1743 1
1180 1715 1277 1759 544
1297 1702 1458 1745 adscri-

187 1762 311 1826 ᾔτεε,
346 1768 394 1811 in
417 1768 576 1825 quibus
589 1766 661 1811 vel
683 1766 865 1812 lacunae
879 1777 1029 1812 textus
1053 1767 1201 1814 mutili
1225 1768 1460 1826 supplean-

187 1843 293 1893 tur,
325 1833 400 1880 vel
421 1836 679 1880 immutatus
704 1836 922 1892 temporis
938 1836 1053 1880 ordo
1081 1834 1352 1889 restituatur,
1382 1833 1457 1880 vel

187 1901 401 1959 Iosephus
424 1912 709 1959 comparetur
733 1903 872 1947 modo
896 1917 997 1949 cum
1026 1902 1105 1949 illo
1131 1903 1226 1961 ipso
1259 1902 1329 1947 vel
1352 1918 1456 1961 cum

187 1970 346 2015 codice
366 1969 502 2017 sacro,
546 1987 604 1999 -·-
647 1967 803 2017 Salem.
827 1967 1058 2029 Ranischii
1069 1971 1187 2029 disp.⁵
1202 1969 1398 2028 praeside
1418 1973 1456 2015 Ι.

186 2039 303 2097 Aug.
322 2036 517 2091 Ernesti,
553 2037 611 2081 de
633 2038 774 2082 Lucae
799 2046 847 2082 et
871 2037 1049 2096 Iosephi
1072 2039 1119 2082 in
1139 2047 1289 2082 morte
1302 2041 1456 2083 Hero·

187 2104 256 2148 dis
277 2106 501 2164 Agrippae
526 2103 766 2164 consensu,
809 2105 864 2150 ad
889 2104 990 2150 -Αέὶ,
1013 2104 1162 2163 Apost.
1185 2107 1280 2152 XII.
1315 2119 1329 2148 ι
1344 2120 1370 2163 9
1393 2129 1455 2141 --

190 2182 273 2231 23.
299 2181 347 2216 et
371 2174 540 2230 antiqq.
564 2173 719 2217 iudaic.
738 2169 854 2230 XIX.
880 2170 923 2229 7
948 2173 1017 2218 ed.
1047 2173 1249 2217 secunda.
1286 2170 1456 2232 Lipsiae

195 2238 340 2296 1761.
362 2254 412 2296 4.
452 2237 489 2283 1.
511 2240 586 2282 Fr.
610 2235 832 2292 Eckhard‚
880 2240 1088 2285 Diret‘tor
1112 2239 1333 2300 Gymnasii
1367 2241 1456 2285 Ise-

181 2302 382 2350 macenfis
396 2338 408 2361 ,
444 2305 611 2365 scripfit
632 2315 920 2351 commentat.
945 2307 1073 2365 super
1093 2311 1348 2354 narratione
1361 2307 1455 2353 Fla*

188 2369 254 2415 uii
275 2373 451 2432 Iosephi
477 2375 534 2418 de
559 2374 715 2433 populi
748 2374 973 2419 Israelitici
999 2391 1079 2433 per
1111 2390 1231 2419 mare
1267 2378 1454 2421 rubrum

190 2438 401 2497 tranfitu,
435 2443 619 2501 Antiqq.
640 2442 740 2487 libr.
761 2444 818 2488 II.
854 2458 946 2501 cap.
969 2456 1012 2500 7.
1042 2443 1208 2487 Isenaci
1241 2449 1380 2501 1786.
1404 2457 1454 2500 4.

186 2504 401 2568 Iosephus
420 2521 695 2570 compararat
721 2509 1013 2557 Israelitarum
1025 2527 1106 2571 per
1124 2526 1247 2559 mare
1268 2513 1454 2557 rubrum

741 2580 785 2626 D
817 2592 853 2639 4
1313 2588 1458 2628 trans-
