1727 3005
685 250 988 302 AREIAEVS.
1407 256 1471 314 67

192 394 275 443 ger
300 383 347 425 in
376 378 537 424 zuverl.
561 377 722 425 Nachr.
741 376 847 424 Vol.
873 379 924 422 11.
953 393 996 437 p.
1032 390 1138 437 1750
1164 399 1226 412 —-
1265 375 1453 425 [oman.

197 447 461 494 Schwertner
508 448 605 491 idea
656 445 959 505 philosophiae
1005 447 1287 504 Epicteticae.
1336 448 1454 505 Lips.

204 516 325 567 1681
367 539 433 548 ——
466 515 716 557 Heumanni
739 514 850 570 disp.
876 514 931 557 de
957 513 1234 573 philosophia
1251 514 1455 571 Epieieti.

195 580 348 628 lenae,
373 596 490 641 1703
542 596 589 638 4.
634 601 701 615 ·-—
759 581 959 625 eiusdem
1009 590 1102 627 acta
1148 581 1454 640 philosophica

197 659 312 697 tom.
343 653 378 696 1.
409 665 510 709 pag.
550 659 659 707 731.
685 661 806 706 734.·
834 647 890 690 de
920 648 1139 704 opusculis
1174 649 1343 706 spuriis,
1388 653 1457 695 in-

196 719 394 776 scriptis,
429 715 654 759 altercatio
686 709 917 756 Hadriam·
938 716 1118 775 Aug..et
1146 716 1331 777 Epicteti
1356 715 1457 780 phi.

196 782 376 847 Iqsophi‚
407 791 540 841 atque
562 777 757 842 dialogus
779 778 1010 823 Hadriani
1051 792 1092 824 ec
1125 781 1319 844 Epic‘Zeti.
1350 801 1454 846 pag.

195 859 311 911 738.
333 865 444 909 744.
467 860 578 894 tom.
601 850 650 893 11.
668 862 895 908 pag.479.
921 848 978 891 de
1002 845 1237 900 Windbeim
1262 854 1455 897 Berniih..

195 934 346 978 ungen
377 919 457 961 der
477 915 767 963 Weltweisen
782 924 867 960 etc.
881 925 991 961 torn.
1009 914 1083 960 ΠΙ.
1099 931 1199 977 pag.
1221 930 1324 975 144.
1348 932 1454 978 147.

200 990 308 1030 160.
350 998 456 1042 177.
486 998 597 1042 409.
630 1010 690 1018 —
727 982 787 1029 10.
811 979 957 1027 Erdm.
983 980 1165 1025 Valther
1192 981 1287 1028 diff.
1323 986 1453 1044 super

193 1055 290 1098 vita2
306 1053 500 1112 regenda
521 1051 762 1095 secundum
775 1050 1038 1108 Epidietum,
1074 1054 1309 1108 praecipua
1323 1069 1454 1111 quae-

192 1122 306 1173 dam,
336 1117 501 1176 Lipfiae
529 1113 668 1176 17'47.
690 1134 738 1176 4.
763 1144 820 1151 -
857 1117 890 1162 I.
909 1119 1088 1178 F.M1·eg
1102 1121 1451 1178 veberEpictets

192 1186 433 1232 Character
476 1203 518 1232 v.
552 1184 920 1248 ¹·Denl<ungsart,
975 1188 1025 1233 in
1066 1185 1293 1234 Pfalzisclu
1331 1191 1449 1237 Mus·

191 1263 304 1304 tom.
330 1256 365 1304 Ι.
390 1254 504 1306 Fasc.
524 1266 575 1312 4.

724 1389 764 1442 ς.
841 1394 913 1443 18.

665 1476 982 1522 ARETAEVS.

296 1611 339 1645 1.
373 1591 645 1644 Eorur'ndem
667 1596 848 1642 forsitan
871 1606 1141 1654 temporum.
1208 1599 1306 1644 Post
1338 1601 1448 1646 Dio-

185 1667 407 1712 scoridem
427 1673 551 1710 certe
587 1673 634 1709 et
658 1663 847 1708 Plinium
878 1660 1352 1725 vixisse'scripfiffeque
1385 1672 1447 1713 vi-

157 1736 321 1779 *detur
340 1733 482 1785 saxio,
513 1735 611 1790 quia'
646 1730 785 1775 senae
823 1746 1005 1789 quoque
1041 1734 1363 1788 Pneumafficae,
1399 1736 1446 1783 h.

187 1817 230 1847 e,
255 1815 365 1859 quae
388 1815 569 1844 omnem
591 1797 893 1843 valetudinem
913 1807 1003 1843 tam
1018 1800 1240 1859 integram
1261 1803 1445 1860 prospe-

184 1883 394 1926 ramque,
425 1883 556 1926 quam
580 1866 807 1911 aduersam
828 1864 1049 1928 πνέυμοοτι
1070 1869 1243 1932 cuidem
1267 1871 1444 1929 tribuit,

185 1936 380 1980 additius
417 1943 538 1988 erat,
594 1948 704 1992 quae
749 1934 827 1979 sub
858 1936 1044 1980 Nerone
1074 1935 1255 1980 demum
1291 1945 1445 1983 ortum

187 2004 325 2061 cepit,
358 2003 537 2047 audiere
557 2000 810 2060 Athenaeo,
843 1999 1076 2048 Attalenfi.
1147 2002 1356 2046 Hallerus
1379 2014 1444 2051 ta.

187 2085 297 2115 men
325 2071 373 2114 in
413 2068 625 2114 Biblioth.
665 2068 925 2130 Chirurgica
962 2071 1097 2113 Torn.
1135 2073 1170 2116 Ι.
1201 2086 1304 2115 eum
1335 2081 1440 2118 ante

184 2137 318 2183 Plinii
341 2145 535 2183 aetatem
568 2135 879 2181 collocandum
910 2145 1052 2194 putat.
1149 2141 1211 2183 At
1246 2141 1440 2185 curatius

185 2201 386 2249 differuit
407 2205 464 2247 de
491 2212 634 2249 aetate
656 2211 703 2248 et
729 2204 844 2248 secta
866 2203 1045 2247 Aretaei
1064 2201 1146 2250 cel.
1171 2205 1440 2249 Aclzermann

184 2273 234 2317 in
258 2273 377 2316 Fabr.
400 2274 446 2317 Β,
471 2273 549 2316 Gr.
583 2273 694 2314 Eum
727 2273 834 2315 citat
865 2267 1128 2328 Dioscorides
1153 2287 1309 2329 eupor.
1335 2288 1437 2334 pag.

192 2350 212 2381 1
229 2352 297 2382 12.
332 2341 393 2383 Ex
415 2353 471 2382 eo
493 2340 652 2398 igitur,
688 2345 735 2381 et
760 2353 813 2382 ex
834 2335 961 2394 ipsius
986 2340 1165 2383 Aretaei
1187 2355 1325 2396 opere
1361 2342 1442 2384 do.

187 2414 260 2449 cet
279 2404 484 2449 Ackerm.
504 2405 629 2449 illum
657 2403 753 2462 post
785 2419 976 2464 regnum
1012 2420 1034 2448 a
1064 2408 1245 2449 Nerone
1278 2409 1440 2452 initum

186 2473 360 2516 Medica
381 2472 451 2515 sua
475 2480 766 2516 monumenta
786 2471 946 2515 litteris
985 2469 1218 2518 mandasse.
1290 2480 1439 2532 Atque

189 2538 338 2586 eidem
371 2538 453 2587 cel,
498 2538 788 2585 Ackermanno
835 2539 883 2581 in
924 2537 1193 2589 Institution.
1234 2539 1439 2587 historiae

789 2610 826 2654 Ε
865 2618 888 2648 2
1303 2610 1442 2653 medi-
