1727 3005
326 261 346 293 1
362 260 421 308 14
655 248 897 297 FLAVIVS
939 249 1239 302 ARRJANVS.

318 372 415 429 pti,
467 389 622 434 graece
655 375 858 418 Venetiis
893 365 1029 432 opera
1077 371 1263 418 Vibi‘oris
1313 375 1580 420 Trincauclli

316 441 432 486 Ven.
471 454 611 499 1535.
647 446 690 491 8.
726 441 917 498 deinde,
954 457 1054 486 cum
1087 444 1322 488 emendata
1353 441 1577 487 Bartholo-

315 509 431 549 maci
456 510 567 551 Facii
593 509 994 566 interpretatione,
1020 525 1107 567 -per
1139 509 1299 555 Nicols
1316 511 1575 556 Gerbelium

314 573 501 620 Basileae
544 587 686 632 1539.
719 581 763 627 8.
800 600 868 609 -—-
932 579 1061 621 Hanc
1095 571 1293 621 Gerbelii
1326 577 1593 627 editionem

317 656 416 684 cum
450 641 537 685 MS.
570 642 670 687 cod.
702 642 876 687 vetusto
912 643 1136 701 contulit,
1197 653 1245 689 et
1286 643 1575 689 multis⁴locis

317 708 670 752 emendatiorem
693 710 902 761 reddidit,
930 726 1184 769 nouamque
1202 713 1401 756 adiunxit
1415 709 1576 755 versio.-

313 790 421 819 nem
444 775 745 820 Bonauentura
780 776 1024 829 Vulcanius,
1059 779 1175 836 apud
1214 781 1356 822 Henr.
1389 778 1575 836 Stepha-

312 858 424 886 num
459 856 595 900 1575.
621 842 699 888 fol.
735 868 803 878 -—
870 847 974 889 Hoc
1000 845 1253 903 exemplum
1277 847 1397 905 typis
1421 846 1576 890 recudi

313 911 423 954 fecit
454 909 652 952 Nicolaus
673 909 956 964 mamardus,
994 910 1067 970 qui
1102 914 1274 969 duobus
1309 913 1440 957 codd.
1475 913 1573 956 Vsus

314 977 377 1025 est
395 984 444 1022 et
467 986 596 1022 notas
621 979 815 1030 addidit,
846 979 1029 1025 Amstel.
1061 980 1199 1031 1668.
1225 988 1266 1030 8.
1294 995 1316 1022 a
1337 981 1422 1023 Iac.
1458 981 1576 1024 Gro-

313 1046 454 1088 nouio
474 1054 623 1089 autem
651 1054 740 1090 tam
765 1048 812 1089 in
838 1047 1112 1104 praefatione
1133 1055 1179 1092 et
1200 1048 1320 1092 notis
1343 1048 1395 1090 ad
1411 1047 1574 1091 editio-

313 1127 420 1156 nem
441 1127 544 1155 mox
567 1114 916 1165 memorandam,
951 1129 1078 1172 quam
1098 1116 1144 1158 in
1165 1113 1482 1171 supplementis
1510 1112 1572 1157 la·

314 1194 528 1224 cunarum
549 1181 597 1223 in
620 1184 772 1225 Aenea
792 1182 985 1235 TaciicO,
1022 1183 1171 1226 Dione
1196 1178 1336 1224 Caffio
1374 1189 1420 1226 et
1450 1179 1572 1231 Arri-

314 1261 429 1302 an0‚
464 1245 608 1306 Lugd.
632 1250 722 1294 Bat.
753 1249 894 1306 1675.
929 1262 1001 1295 12.
1026 1265 1125 1309 pag.
1157 1248 1260 1294 160.
1292 1249 1355 1305 sq.
1391 1244 1571 1304 pessime

313 1311 506 1367 habitus,
546 1324 608 1368 et,
642 1331 770 1360 more
806 1314 946 1369 illius,
992 1317 1206 1360 atrociter
1239 1323 1286 1359 et
1315 1312 1573 1371 petulanter

312 1382 520 1439 agitatus·
586 1381 725 1439 Atqui
756 1382 854 1438 post
881 1382 1146 1425 Vulcanium
1184 1383 1299 1425 bene
1330 1381 1494 1426 meruit
1516 1381 1571 1424 de

310 1449 528 1504 Arriano,
573 1458 620 1492 et
640 1448 778 1493 multa
807 1447 1027 1506 praeclare
1051 1447 1264 1508 restituit,
1309 1462 1572 1506 quamquam

313 1513 498 1572 posteris
519 1514 634 1558 haud
657 1510 958 1573 spernendum
980 1515 1161 1573 reliquit
1174 1514 1461 1575 spicilegium,
1484 1510 1572 1561 Iac.

316 1581 579 1635 Gronouim,
625 1585 700 1639 qui
731 1583 812 1625 hos
841 1585 1015 1626 Arriani
1043 1583 1180 1626 libros
1210 1591 1343 1639 atque
1378 1582 1572 1626 Indicam

312 1647 539 1692 historiam
561 1664 613 1692 ex
640 1651 728 1693 lVlS.
762 1647 972 1691 Perusino
1011 1657 1059 1692 et
1088 1657 1277 1706 quatuor
1312 1649 1444 1693 codd.
1476 1651 1573 1692 Nie-

307 1716 451 1759 ‚diceis
475 1715 640 1772 pluries
662 1716 931 1764 emendauit,
965 1717 1013 1758 in
1035 1718 1174 1772 capita
1193 1714 1354 1768 diuisit,
1391 1724 1437 1760 et
1468 1730 1570 1760 cum

313 1783 693 1838 interpretatione
728 1780 861 1827 latina
896 1781 1121 1840 Vulcanii,
1160 1784 1288 1827 IVlSto
1315 1781 1569 1839 Augustano

315 1847 467 1907 postea
489 1847 562 1901 vsi,
591 1864 644 1893 ex
668 1847 795 1906 ipsius
821 1849 1100 1908 autographo
1128 1847 1339 1893 recensita
1363 1859 1409 1893 et
1429 1850 1560 1893 inter-

315 1916 466 1974 polata
489 1916 632 1960 edidit
651 1916 823 1973 suisque
836 1913 1283 1960 animaduersionibus
1293 1915 1458 1960 multae
1473 1917 1569 1974 qui-

316 1984 422 2027 dem
444 1984 742 2037 eruditionis,
786 1984 861 2027 sed
903 1982 1142 2028 multarum
1178 1998 1356 2041 quoque
1387 1983 1569 2027 inueffl-
1644 2027 1651 2029 r
1695 2009 1699 2013 ·

317 2066 472 2094 uarum
527 2061 656 2108 atque
711 2053 980 2101 iniuriarum,
1052 2052 1208 2108 quibus
1265 2050 1569 2104 Blancardum,

315 2118 666 2162 Freinshemium
690 2118 885 2176 aliosque
914 2116 1093 2163 inficete
1127 2125 1174 2163 et
1205 2116 1361 2161 rustice
1389 2118 1568 2174 adfecit,

317 2185 507 2244 suaeque
529 2186 791 2230 eruditionis
825 2187 1084 2244 ingeniique
1116 2185 1378 2242 iactationis,
1409 2184 1568 2241 plenis·

318 2252 431 2300 simis
465 2251 720 2303 illustrauit3
770 2255 816 2296 in
849 2253 943 2310 ipso
980 2254 1100 2295 enim
1133 2255 1284 2297 fronte
1323 2253 1382 2295 ita
1413 2251 1565 2296 iaciat:

318 2320 449 2379 „Post
490 2322 652 2366 variam
681 2319 870 2364 aliorum
914 2318 1169 2363 industriam
1198 2321 1259 2362 ita
1299 2316 1462 2361 lacunis
1495 2317 1568 2362 vei

320 2390 510 2447 cognitis
532 2386 603 2430 vel
624 2389 790 2448 ignotis
807 2388 1058 2432 etiamnum
1092 2395 1139 2430 et
1170 2385 1372 2435 obscuris
1397 2385 1568 2443 supple·

319 2457 391 2507 tis,
450 2457 510 2498 ita
544 2455 731 2498 auetoris
780 2456 826 2497 in
863 2468 1045 2512 graecae
1077 2451 1255 2512 linguae
1299 2454 1453 2502 natiuo
1490 2451 1566 2495 vsu

321 2520 578 2581 praestantia
630 2528 678 2568 et
743 2520 946 2566 facultate
996 2517 1196 2566 restituta
1262 2534 1316 2564 ex
1371 2517 1566 2578 'plurium
1596 2514 1600 2521 ’

1446 2586 1570 2632 iviss-
1675 2563 1685 2582 ³
