1686 3025
220 248 322 309 256
690 243 789 289 1210
822 244 1053 294 CASSIVS.

326 381 367 421 2,
398 370 559 416 Itidem
581 369 927 429 cognominatur
952 370 1166 415 Cocceius
1190 367 1279 415 fiue
1315 371 1486 426 Cocce-

219 439 369 498 ianus,
389 439 581 496 ¹Nicaea,
611 439 656 480 in
678 436 898 492 Bithynia,
929 447 976 482 et
997 450 1166 499 genere
1181 439 1321 494 nobili
1344 448 1486 498 ortus-

211 511 350 554 'Pater
373 507 495 550 enirn
517 501 679 550 Caffius
707 506 1005 563 Apronianus,
1040 508 1226 549 Romam
1240 505 1410 552 delatus
1437 509 1486 551 in

217 577 507 630 ¹senatumque
532 587 644 618 rom.
669 570 804 615 letius
821 606 833 623 ‚
868 575 1060 631 praefuit
1085 576 1277 630 primum
1311 573 1486 623 Dalma-

214 645 330 693 tiae,
367 641 473 685 dein
499 639 703 692 Ciliciae,
733 652 834 684 cum
856 655 946 697 quo
971 639 1121 685 noster
1146 643 1193 684 in
1215 640 1366 686 Cilicia
1389 657 1488 686 ver·

214 711 331 756 satus
353 707 428 764 est.
497 706 647 751 Postea
672 709 719 751 in
741 707 911 752 Italiam
933 710 1083 766 venit,
1139 709 1272 768 a'tque
1301 725 1438 766 quum
1461 725 1486 754 a

214 778 409 836 pueritia
432 773 475 818 se
498 773 783 832 eloquentiae
805 783 854 820 et
876 776 1084 821 scientiae
1105 776 1221 820 ciuili
1259 776 1303 820 se
1331 778 1486 827 conse-
1542 815 1547 819 ,

213 841 399 905 psallet,
426 844 594 887 Romae
618 858 714 886 non
737 842 877 887 solum
901 845 948 887 in
975 847 1076 888 foro
1100 840 1242 888 causas
1262 845 1372 904 egit,
1409 845 1484 889 sed
1550 892 1562 903 ,

217 915 353 958 etiam
368 914 400 955 'a
425 910 535 957 Chr.
571 923 587 954 1
603 916 680 961 80.
704 912 749 953 in
774 911 971 955 senatum
992 911 1129 956 letius
1158 910 1244 963 est,·
1287 920 1335 956 et
1356 914 1483 956 Prae-

214 991 344 1029 turae
365 988 497 1038 atque
522 977 768 1023 Aedilitatis
796 975 924 1038 gessit
943 978 1154 1031 honores.
1223 979 1311 1023 Sub
1347 981 1482 1024 Perti-

214 1056 350 1106 nace,
387 1047 509 1092 cuius
530 1047 670 1106 gratia
701 1047 747 1107 in
778 1046 930 1102 primis
955 1044 1125 1098 floruit,
1161 1047 1354 1106 Strategi
1375 1063 1481 1104 pro-

212 1120 406 1164 uinciam
429 1113 517 1158 fiue
541 1122 792 1171 praeturam
818 1113 1043 1159 obtinuit:
1088 1111 1174 1157 Sub
1204 1114 1405 1168 Macrino
1428 1113 1481 1158 A.

215 1178 270 1232 C.
297 1190 407 1235 218.
452 1184 666 1239 Smyrnae
693 1190 740 1224 et
776 1180 977 1238 Pergami
1011 1179 1329 1236 praefedturam
1361 1183 1481 1226 obti-

211 1253 315 1298 nuit
334 1251 388 1294 ad
412 1245 711 1293 ordinandum
730 1245 887 1290 statum
913 1246 1072 1291 harum
1094 1247 1282 1290 duarum
1306 1248 1480 1293 vrbium

211 1320 480 1366 liberarum:
513 1316 601 1361 Sub
632 1312 885 1365 Alexandro
909 1315 1103 1367 Seuero,
1142 1316 1413 1359 mammaeae
1427 1313 1479 1359 fi-

212 1386 292 1440 lio,
323 1402 359 1429 a.
372 1381 461 1430 Ch.
479 1394 586 1426 222.
607 1389 684 1425 aut
702 1394 810 1440 223.
825 1380 977 1424 absens
989 1381 1183 1438 primum
1194 1380 1345 1426 consul
1358 1397 1478 1426 crea-

209 1462 282 1500 tus
297 1486 309 1507 ‚
347 1461 395 1498 et
418 1450 704 1508 sequentibus
724 1449 846 1492 annis
858 1447 920 1492 est
941 1448 1239 1505 proconsulin
1268 1448 1476 1504 Africam,
1552 1491 1556 1493 ,

211 1530 260 1568 et
284 1522 494 1577 deinceps
525 1519 572 1562 in
608 1516 870 1561 Dalmatiam
907 1525 956 1561 et
991 1517 1267 1574 superiorem
1303 1520 1476 1564 Panno·
1508 1571 1511 1572 ⁷

209 1593 330 1634 niam
357 1584 518 1632 miffus.
587 1584 744 1629 Redux
770 1584 901 1628 faetus
926 1600 1063 1641 quum
1083 1601 1105 1628 a
1124 1583 1336 1629 militibus
1350 1588 1475 1630 Prae-

209 1659 422 1707 torianis,
455 1656 531 1713 qui
558 1653 670 1697 illius
697 1653 981 1696 seueritatem
993 1651 1247 1709 disciplinae
1273 1651 1474 1696 militaris

209 1726 499 1774 metuebant,
531 1720 584 1764 ad
612 1733 768 1763 necem
788 1726 1106 1776 expeteretur,
1150 1719 1202 1762 ab
1228 1720 1474 1775 imperato-

207 1798 285 1850 re,
333 1791 447 1850 apud
471 1804 606 1847 quem
628 1787 891 1831 auc‘ioritate
912 1788 1172 1844 cumprimis
1197 1785 1350 1844 valuit,
1373 1803 1469 1831 non

205 1861 350 1907 solum
373 1861 425 1904 ab
449 1856 619 1915 impetu
643 1853 835 1899 militum
855 1853 1059 1899 defensus
1073 1850 1356 1907 etliberatus‚
1391 1854 1470 1900 sed

211 1932 347 1974 etiam
369 1944 404 1971 a.
429 1927 480 1971 C.
507 1938 614 1983 229.
638 1920 879 1973 secundum
899 1921 1052 1974 consul
1077 1929 1246 1966 creatus
1280 1920 1352 1968 est.
1407 1922 1470 1968 At

205 2006 394 2056 propter
413 1995 503 2038 vim
523 2001 570 2037 et
591 2001 762 2035 metum
785 1990 977 2034 militum
1001 1992 1137 2033 Roma
1159 1990 1321 2033 abfuit:
1354 1998 1468 2033 tem-

204 2078 320 2125 pore
342 2078 450 2108 vero
470 2059 719 2106 consulatus
741 2057 921 2110 exati09
954 2058 1088 2101 rediit
1114 2059 1313 2110 Romam,
1350 2057 1467 2114 apud

202 2136 524 2191 imperatorem
567 2129 614 2171 in
655 2127 893 2183 Campania
936 2133 1249 2170 commoratus.
1331 2125 1464 2176 Quod

204 2202 394 2260 pedibus
417 2197 666 2246 laborabat,
693 2196 822 2238 venia
845 2195 898 2237 ab
920 2194 1251 2251 imperatorein
1275 2193 1462 2249 patriam

203 2266 466 2321 reuertendi
488 2267 747 2322 impetrata,
777 2260 999 2319 reliquum
1022 2262 1137 2305 vitae
1157 2262 1215 2303 ibi
1230 2261 1460 2317 transegit.

305 2351 345 2395 3.
379 2331 556 2389 Scripsit
577 2336 752 2389 praeter
783 2329 894 2388 alia,
937 2344 1048 2387 quae
1081 2329 1340 2385 perierunt,
1383 2335 1461 2373 aut
1494 2328 1497 2334 '

203 2403 312 2450 falso
349 2403 391 2447 ei
426 2400 650 2445 adtributa
683 2401 868 2444 fuerunt
896 2396 1033 2441 libros
1068 2393 1221 2439 LXXX
1256 2396 1460 2437 romanae

200 2467 431 2527 historiae,
485 2469 537 2512 ab
562 2466 741 2510 Aeneae
769 2467 816 2508 in
837 2463 1002 2510 Italiam
1027 2462 1222 2506 aduentu
1247 2477 1384 2519 vsque
1404 2462 1460 2506 ad

201 2548 273 2586 an.
298 2535 404 2585 Chr.»
432 2548 542 2594 229.
567 2531 655 2579 siue
679 2534 733 2578 ad
754 2531 1030 2585 consulatum
1052 2531 1176 2576 suum
1195 2529 1456 2643 secuifflum.

1364 2606 1457 2644 ate-⁴
