1686 3025
291 331 378 378 132
585 314 917 361 ANTONJNVS
942 313 1244 366 LIBERALJS.

390 458 430 502 3.
468 445 532 487 Ex
554 440 652 485 cod.
677 437 899 493 Palatino,
934 440 1008 498 qui
1046 441 1196 485 vnicus
1224 439 1310 491 est,
1368 442 1532 499 primus

284 512 426 556 edidit
445 509 535 553 illas
560 521 659 552 curn
694 505 958 564 Parthenio,
1009 506 1121 553 Gm'l.
1156 504 1371 566 Xylander
1392 524 1459 567 gr.
1487 516 1536 554 et

281 572 360 624 lat.
384 575 502 622 Bafil.
536 574 674 631 1568.
702 579 744 624 8.
768 582 814 618 et
837 574 1074 618 correfflus
1096 575 1255 619 eodem
1276 589 1418 627 anne,
1451 575 1537 619 ibi—

283 648 387 691 dem
412 657 512 687 cum
534 640 781 700 P‘hlegonte
807 640 1054 694 Traffiano,
1096 643 1313 702 Antigoni
1337 640 1430 687 hist.
1455 643 1535 685 mi·

282 702 373 756 rab.
400 719 447 755 et
473 712 531 755 M.
555 712 723 753 Anto‘n.
752 709 807 751 de
829 711 915 754 vita
937 709 1006 752 sua
1024 740 1035 762 ‚
1071 723 1137 768 gr.
1161 706 1302 754 et'lat.
1337 732 1403 741 —
1430 717 1534 753 ‘turn

281 779 513 836 separatim
538 771 695 819 Abrah.
720 774 957 829 Berkclius,
996 777 1141 833 paucis
1176 775 1339 821 notulis
1376 776 1535 821 additis

280 846 426 908 Lugd.
448 847 537 889 Bat.
570 845 705 901 1674.
744 856 816 888 12.
892 844 1035 896 Huius
1060 842 1376 888 'recensionem
1404 851 1535 900 atque

283 911 585 967 correffiones
603 905 745 968 preffe
767 911 1055 955 retinuerunt
1083 906 1160 952 Th.
1183 909 1309 964 Gale,
1352 912 1408 954 de
1435 905 1535 954 'scri-
1557 913 1561 917 “

281 979 693 1039 ptoreceteroquin
718 977 888 1028 melius,
925 992 1052 1034 quam
1067 975 1304 1030 Berkelius,
1337 979 1534 1034 meritus,

281 1050 330 1092 in
364 1046 575 1090 Historiae
604 1053 725 1102 poet.
755 1045 956 1102 scriptor.
983 1047 1121 1102 antiq.
1157 1046 1284 1109 Paris.
1331 1047 1468 1101 1675.
1489 1051 1538 1096 8.

281 1125 416 1172 atque
440 1112 472 1158 I.
498 1113 642 1171 Georg.
669 1108 822 1165 walch,
858 1113 931 1168 qui
945 1121 1116 1156 textum
1149 1120 1195 1157 et
1221 1120 1348 1156 notas
1374 1109 1539 1155 Berke-

278 1180 330 1226 lii
361 1181 513 1225 recudi
550 1181 657 1224 fecit
691 1179 746 1222 ad
780 1174 944 1223 calcem
975 1179 1187 1223 editionis
1220 1179 1318 1222 suae
1354 1178 1539 1222 Phaedri
1571 1230 1575 1231 ⁷

280 1247 525 1293 fabularum
541 1279 552 1297 ,
600 1243 763 1301 Lipsiae
817 1258 957 1303 1735.
1001 1250 1043 1296 8.
1102 1268 1168 1279 —
1219 1248 1352 1290 Anno
1397 1245 1539 1302 1675,

280 1313 564 1372 (quamquam
583 1326 720 1356 annus
753 1325 769 1355 1
782 1312 889 1366 676.
916 1313 962 1355 in
977 1311 1218 1371 epigraphe
1233 1309 1539 1368 conspicitur3)

279 1382 566 1427 Antoninum
588 1376 774 1422 Liberal.
797 1378 868 1422 sua
891 1393 1026 1434 opera
1048 1377 1366 1437 diligentiaque
1385 1392 1539 1423 recen,-

279 1446 412 1492 fitum
436 1447 665 1503 doetisque
689 1446 808 1489 notis
837 1443 1116 1501 explanatum
1151 1460 1215 1503 gr.
1237 1455 1284 1490 et
1310 1443 1381 1491 lat.
1414 1446 1540 1490 dedit
1612 1482 1618 1488 ,

289 1511 470 1557 Thomas
481 1512 683 1569 Munker,
721 1510 892 1557 Amstel.
920 1525 991 1555 12.
1026 1535 1094 1545 -—
1124 1510 1340 1569 Berkclius
1361 1513 1541 1570 sequen.

281 1584 319 1627 ti
346 1597 488 1633 anno,
525 1581 778 1638 quoniama
811 1577 1035 1624 Munkero
1069 1578 1227 1623 multas
1263 1581 1539 1625 emendatio·

281 1664 362 1693 nes
385 1646 462 1691 fibi
489 1646 696 1691 sublectas
718 1642 804 1689 effe
828 1647 1002 1702 putauit
1026 1653 1072 1690 et
1100 1644 1364 1698 clamita'uit‚
1399 1654 1540 1691 muta-

281 1726 335 1761 to
352 1749 365 1768 ‚
398 1722 448 1760 vt
468 1729 586 1758 noua
608 1713 839 1757 videretur
866 1711 1033 1764 editio,
1077 1711 1236 1762 titulo,
1290 1714 1538 1758 editionem

282 1782 402 1826 suam
429 1781 610 1839 repetiit
641 1789 688 1824 et
717 1780 1078 1823 adnotationibus
1112 1780 1317 1823 aduersus
1343 1778 1541 1828 ‚Munke-

283 1864 381 1893 rum
409 1850 606 1900 iniuriis,
650 1847 897 1904 peracerbis
934 1861 982 1889 ac
1018 1846 1248 1904 pueriliter
1282 1849 1537 1904 procacibus

285 1916 490 1960 onerauit
502 1925 634 1972 atque
658 1916 884 1958 infamauit
894 1914 1060 1971 potiuS,
1095 1929 1226 1971 quam
1246 1915 1438 1959 ornauit.
1472 1938 1540 1950 --

275 1985 456 2035 Contra
481 1981 718 2024 Munkerus
747 1982 794 2026 in
827 1980 964 2025 altera
995 1980 1067 2025 sua
1103 1980 1538 2042 Mythographorum

282 2050 525 2096 latinorum
550 2050 749 2094 editione
787 2047 956 2106 placide
986 2057 1065 2106 et,
1114 2056 1165 2094 vt
1194 2049 1336 2092 virum
1369 2050 1538 2098 bonum
1607 2048 1609 2051 ’

276 2119 439 2170 decet,
487 2116 669 2163 honeste
703 2115 744 2160 se
769 2125 817 2161 vt
837 2116 1075 2173 plurimum
1101 2116 1306 2162 defendit
1326 2132 1349 2160 a
1374 2115 1538 2162 Berke-

277 2185 408 2230 lianis
434 2186 601 2229 iniuriis
621 2193 668 2228 et
691 2185 926 2238 conuiciis,
973 2192 1023 2228 et
1045 2183 1320 2229 Antoninum
1350 2174 1539 2231 Liberali.

287 2256 547 2311 frequenter
567 2249 776 2309 explicuit
794 2249 1178 2308 atqueillustrauit.
1211 2276 1269 2286 —
1304 2253 1394 2295 Has
1411 2253 1557 2297 Mun-⁵

284 2318 483 2364 kerianas
507 2327 662 2374 notas,
697 2334 750 2362 ex
763 2319 963 2362 editione
978 2319 1194 2363 Antonini
1219 2318 1383 2375 pariter
1403 2327 1536 2376 atque

286 2386 723 2447 Mythographorum
736 2384 975 2430 latinorum
988 2385 1067 2429 suis
1080 2384 1189 2430 locis
1211 2384 1419 2446 digestas,·
1443 2400 1536 2430 rnu-

287 2466 395 2498 tatas
423 2464 497 2498 aut
519 2455 753 2507 diminutas
782 2453 1003 2504 reddidit,
1055 2451 1227 2510 suisque
1262 2453 1537 2501 animaduer-

289 2519 477 2563 {ionibus
502 2522 678 2573 criticis,
712 2521 1002 2579 grammaticis
1016 2534 1063 2563 ac
1083 2517 1398 2579 mythologicis
1419 2518 1537 2566 auxit

285 2586 421 2632 chr.
449 2584 651 2646 Verhcyk,
685 2588 760 2644 qui
781 2587 825 2629 in
838 2587 1113 2643 praefatione
1132 2587 1187 2632 de
1211 2587 1314 2632 edd.
1336 2582 1535 2645 ‘superio-

1410 2654 1530 2698 ribus

1682 772 1686 782 -
1681 751 1683 755 i
1678 727 1683 735 κ
1666 487 1686 710 h-*hssxfflhxxffi
1678 407 1686 474 -μ-
1677 155 1686 393 ψῃμΑ-..-Αμ
1672 83 1686 138 „uh

1679 1018 1684 1024 -
1660 793 1686 1001 ἕλε-...δέρω-
