1640 3030
431 219 787 281 NICEPHORVS
819 234 1118 281 GREGORAS.
1296 251 1388 299 535

138 360 314 405 codices
347 358 566 414 contulit,
601 368 728 406 notas
763 361 932 407 addidit
954 367 1001 407 et
1024 359 1077 405 al.
1104 361 1390 418 adpendices:

135 430 267 474 Paris,
291 442 317 471 e
341 428 634 487 typographia
659 431 791 489 regia.
833 442 971 485 1702.
1009 427 1084 475 fol.
1111 431 1234 473 Hanc
1257 429 1384 474 editi-

134 509 271 540 onem
319 504 367 541 et
422 510 533 553 quae
580 492 748 540 adieda
782 497 903 547 sunt,
967 498 1141 540 vberius
1180 496 1385 542 recenset
1450 534 1459 542 .

132 557 357 606 Fabricius
387 563 434 606 in
475 564 519 606 B.
555 564 631 609 Gr.
662 562 738 608 lib.
777 566 831 610 V.
866 579 959 621 cap.
999 577 1039 620 ς.
1061 562 1149 608 νοΙ.
1174 565 1250 609 VI.
1278 578 1382 622 pag.

136 643 247 690 319.
279 631 369 688 sqq.
404 640 451 674 et
481 646 502 673 a
531 646 628 690 pag.
668 645 760 690 300
797 648 850 678 ex
875 631 954 675 hac
976 632 1178 676 editione
1198 633 1383 689 repetiit

127 696 319 758 longum
363 698 625 755 scriptorum
660 700 887 758 Gregorae
921 699 1148 744 editorum
1181 699 1381 744 inedito-

33 760 41 763 ”
126 779 319 822 rumque
365 765 616 826 catalogum
659 782 681 810 a
716 767 939 812 Bernardo
985 766 1042 811 de
1080 756 1381 811 Montfaucon

126 834 268 876 Roma
302 834 355 876 ad
395 835 628 877 Boiuinum
667 832 975 886 transmissum,
1062 834 1272 877 Boiuinus
1305 834 1384 878 ad-

128 900 238 943 dere
263 900 406 950 secum
428 901 716 948 constituerat
738 901 936 948 tom,111.
959 901 1031 959 qui
1053 899 1246 957 reliquos
1271 901 1379 945 Gre-

123 979 262 1027 gorae
301 966 438 1010 libros
474 969 588 1014 XIV.
626 976 673 1011 et
703 978 812 1013 tom.
843 970 938 1013 ΠΗ.
964 969 1038 1025 qui
1061 968 1175 1010 varia
1196 968 1249 1011 ad
1274 965 1378 1011 illu-

123 1033 346 1079 strandum
371 1033 495 1077 illum
517 1034 673 1091 scripta
698 1037 978 1079 contineret:
1015 1033 1088 1077 sed
1115 1049 1183 1077 res
1205 1034 1260 1078 ad
1286 1034 1378 1078 exi-

122 1110 223 1146 tum
254 1116 349 1146 non
385 1099 446 1144 est
484 1101 709 1158 perducsta.
735 1127 792 1136 —
864 1102 1036 1145 Boiuini
1059 1100 1200 1146 editio
1224 1101 1376 1146 recusa
1435 1138 1441 1147 .

124 1168 186 1213 est
217 1170 416 1215 Venetiis
451 1179 589 1225 1729.
612 1166 686 1213 fol.
712 1170 759 1216 in
783 1184 974 1225 corpore
996 1169 1197 1227 scriptor.
1219 1183 1376 1217 rerum.

121 1234 487 1295 Byzantinarum:
522 1235 597 1280 sed
618 1232 734 1279 mal'o
760 1234 941 1280 confilio
964 1234 1123 1294 reliqui
1143 1236 1374 1296 Gregorae

117 1302 221 1349 libri
242 1298 384 1348 omiffi
407 1303 526 1350 sunt.

140 1464 143 1468 ›
219 1439 400 1484 Praeter
422 1453 471 1482 ea
485 1439 732 1500 Gregoram
742 1439 941 1485 nostrum
962 1437 1190 1484 auftorern
1203 1437 1372 1486 habent

115 1507 174 1560 ⁴1)
206 1509 350 1551 oratio
378 1507 425 1549 in
462 1508 638 1551 obitum
658 1506 896 1551 Theodori
923 1506 1233 1556 Metochitae,
1268 1522 1371 1552 cum

116 1573 245 1619 huius
278 1572 378 1626 (vel
414 1575 594 1631 potius,
630 1573 762 1619 Nlich-
799 1573 1024 1634 Glycae‚)
1053 1573 1151 1621 hist.
1176 1589 1292 1618 rom.
1317 1574 1372 1619 li-

117 1643 202 1685 bro
230 1656 253 1684 a
288 1641 346 1686 Io.
382 1639 591 1698 Mmrsto,
620 1642 761 1701 Lugd.
792 1643 881 1687 Bae.
912 1641 1050 1692 1618.
1075 1650 1116 1692 8.
1144 1642 1269 1687 edito
1301 1663 1373 1677 —-·

5 1716 8 1736 ἵ
54 1716 59 1719 ’
117 1706 171 1767 2)
192 1709 524 1754 commentaria
546 1709 578 1755 s.
601 1707 760 1753 scholia
778 1711 824 1754 in
849 1708 1057 1764 Symfium
1078 1710 1136 1753 de
1157 1708 1373 1753 insomni·

112 1776 178 1833 is,
222 1791 287 1836 gr.
322 1790 421 1820 cum
453 1773 648 1832 Synefio.
689 1799 756 1809 —
841 1775 891 1835 3)
927 1774 1179 1820 Paschalion
1214 1790 1370 1820 corre-

112 1844 259 1897 ἂυιῒι,
293 1845 341 1887 in
375 1841 550 1885 Petauii
584 1842 827 1904 Vranolog.
853 1859 956 1904 pag.
993 1848 1102 1902 383.
1136 1852 1183 1888 et
1207 1858 1297 1889 rec.
1318 1845 1366 1888 in

114 1915 267 1968 Opere
291 1911 349 1955 de
370 1910 570 1954 dostrina
590 1918 846 1966 temporum
862 1944 872 1961 ,
902 1921 1014 1957 tom.
1035 1911 1111 1956 ΙΙΙ.
1140 1926 1237 1970 pag.
1254 1911 1365 1954 206.

112 2003 172 2013 -
219 1982 290 2036 4.)
323 1979 424 2022 Vita
457 1979 497 2021 S.
531 1978 716 2023 Codrati
757 1989 805 2022 et
850 1978 1071 2022 sociorum
1103 1988 1364 2036 martyrum,

115 2060 167 2089 ex
198 2054 316 2090 msto
341 2046 548 2088 Bauarico
565 2075 577 2097 ‚
614 2046 864 2101 interprete
883 2040 1082 2087 Reinola'o
1102 2041 1293 2098 Dehnio,
1317 2047 1365 2091 in

110 2113 209 2161 Aet.
235 2114 303 2157 SS.
327 2114 560 2168 Antwerp.
581 2113 710 2156 Mart.
730 2120 840 2157 torn.
857 2113 912 2157 112
933 2128 1034 2172 pag.
1062 2118 1105 2164 8.
1125 2136 1182 2144 —
1213 2125 1228 2155 1
1243 2125 1364 2154 2.-—-

115 2180 163 2238 ς)
190 2178 378 2237 Epistola
398 2179 452 2222 ad
470 2177 758 2222 Theodulum
782 2179 1051 2229 monachum
1066 2211 1082 2235 ,
1109 2180 1229 2223 inter
1261 2175 1365 2222 Tha.

110 2243 232 2290 oduli
263 2247 412 2304 opusc.
449 2262 471 2290 a
497 2248 760 2290 Normanno
801 2236 933 2291 effita.
977 2244 1175 2304 Vpsaliae
1208 2241 1364 2307 '1693-

110 2327 157 2372 4.
191 2337 257 2347 —
292 2314 358 2368 6.)
391 2311 567 2357 moralis
602 2314 917 2370 interpretatio
953 2328 1158 2358 errorum
1194 2311 1364 2371 Vlyffis‚

111 2371 219 2425 eum
254 2381 502 2440 Porphyrio
529 2380 585 2423 de
611 2380 906 2441 nympharum
931 2390 1061 2425 antro
1085 2388 1172 2425 etc.
1195 2396 1219 2424 a
1241 2380 1365 2428 (ἴσην.

112 2449 320 2500 Gesnero,
355 2449 514 2508 Tiguri
555 2460 691 2504 1542.
734 2455 775 2500 8.
808 2471 875 2482 ·—-
910 2447 1141 2505 separatim
1168 2449 1219 2491 ab
1245 2444 1365 2506 0be-

107 2525 205 2579 poeo
230 2517 402 2576 Hagen.
435 2528 489 2574 1‘5
498 2529 521 2575 3
537 2527 574 2560 1.
599 2522 647 2561 et
669 2514 725 2563 [ο.
743 2509 932 2559 Columbo
942 2517 1096 2564 Aboae
1119 2517 1251 2571 1678.
1273 2531 1365 2561 rec.

778 2581 842 2631 LI
869 2596 904 2642 4
1222 2582 1369 2644 Lugd·
