1686 3025
305 999 308 1000 ⁷
332 1000 446 1046 tiens
462 1031 476 1053 ,
520 1006 567 1043 et
589 997 885 1056 paraphrastes
906 998 1008 1042 libri
1029 997 1351 1054 Theophrastei
1372 998 1429 1042 de
1451 999 1595 1054 sensu,

317 1065 569 1127 ·phantafia‚
596 1074 643 1111 et
662 1065 909 1111 intellectu.
980 1067 1115 1109 Hunc
1140 1066 1241 1108 circ.
1275 1065 1470 1109 medium
1506 1067 1596 1112 sae-

315 1213 418 1257 -47.
462 1215 515 1243 ex
550 1213 606 1242 eo
642 1196 848 1257 colligit,
913 1197 1038 1254 quod
1081 1195 1272 1253 aequalis
1305 1199 1517 1244 Damascii
1547 1207 1597 1248 et
1685 1217 1686 1228 ¹

325 249 425 296 402
787 231 1132 280 PRJSCIANVS.

347 359 443 405 baei
467 359 515 404 in
534 357 634 404 Obs.
659 354 840 402 miscell.
862 355 962 401 Vol.
987 355 1083 402 VH.
1105 371 1202 417 pag.
1235 363 1289 410 18
1303 370 1344 406 ι.
1367 358 1461 418 sqq.
1482 361 1599 407 adde

344 426 447 472 Vol.
467 430 498 473 Ι,
520 441 617 487 pag.
634 439 650 469 1
664 437 738 481 27.
757 425 819 482 sq.
844 450 890 458 -
937 422 1209 481 Rittcrshufii
1227 424 1423 485 aliusque
1445 443 1598 474 emen-

327 496 551 540 dationes
583 501 717 551 atque
748 491 1020 536 coniecsturas
1049 490 1237 553 margini
1271 494 1480 538 editionis
1515 487 1598 544 ΠΙ.

344 562 638 614 Gesnerianae
659 559 891 616 adscriptas
910 558 1072 617 publici
1096 561 1200 603 iuris
1221 563 1304 604 feci
1324 562 1371 606 in
1397 561 1598 621 Opuscu-

335 628 391 673 lis
430 629 538 672 meis
569 629 677 672 varii
707 627 985 687 argumenti,
1044 626 1185 672 Halae
1219 629 1379 676 Saxon.
1453 641 1601 692 1773«

331 710 433 757 pag.
464 701 519 748 18
534 708 551 739 1
589 694 689 753 sqq·

806 848 808 850 “
868 829 913 882 §.
983 840 1064 887 49·

434 926 808 989 Priscianus,
843 931 1016 990 Lydus,
1051 928 1340 988 philosophus
1373 931 1595 988 peripate·
1664 927 1665 931 ¹

334 1133 483 1180 culum
506 1133 680 1176 sextum
701 1128 875 1189 vixisse,
923 1129 1080 1173 Saxius
1112 1133 1160 1173 in
1200 1131 1364 1175 Onom.
1402 1135 1454 1194 ll.
1488 1149 1594 1194 pag.

334 1260 665 1324 Simplicii‘ess'e
694 1264 858 1310 dicitur
900 1262 1116 1323 Agathiae
1148 1263 1225 1309 lib.
1250 1266 1304 1308 ΙΙ·
1339 1280 1440 1326 pag.
1461 1266 1522 1326 69
1548 1275 1598 1313 et:
1667 1278 1677 1312 i.

335 1335 494 1381 Suidae
511 1367 523 1386 ,
558 1334 605 1377 in
630 1346 728 1378 voc.
750 1326 980 1394 πρέσβεας.
1006 1332 1143 1380 Conf.
1165 1325 1294 1380 Fabr.
1309 1382 1316 1390 ί
1333 1334 1378 1378 Β.
1399 1335 1474 1381 Gr.
1502 1332 1596 1381 vol.
1671 1329 1677 1352 ¹

335 1403 413 1450 111.
439 1417 541 1463 pag.
567 1413 687 1459 444.
710 1415 819 1444 nou.
841 1400 950 1445 edit.

874 1540 915 1590 §.
982 1547 1059 1593 50.

437 1640 756 1706 Procopius
788 1641 1059 1696 Gazaeu-s,
1093 1640 1281 1700 sophista
1310 1641 1593 1700 Christianus,
1672 1691 1673 1695 ,

337 1713 451 1759 vixit
486 1713 599 1755 circa
633 1727 700 1755 an.
743 1723 850 1768 520.
933 1708 1192 1767 superstites
1223 1710 1344 1754 sunt:
1388 1710 1434 1767 1)
1457 1713 1594 1758 Com-

337 1779 548 1826 mentarii
579 1779 626 1821 in
664 1775 1013 1829 Ostateuchum,
1055 1775 1098 1820 h.
1134 1790 1174 1819 e.
1203 1777 1250 1820 in
1278 1779 1448 1835 priores
1470 1779 1593 1824 ,οᾶο

336 1849 390 1891 V.
413 1849 468 1904 T.
503 1845 667 1899 libros,
704 1859 758 1888 ex
793 1839 1089 1901 antiquissirno
1120 1844 1225 1889 cod.
1259 1844 1512 1904 Augustano
1544 1848 1594 1893 in
1651 1897 1660 1912 ·

337 1914 525 1959 latinum
550 1912 802 1957 sermonem
833 1911 1030 1956 translati
1058 1926 1082 1955 a
1108 1909 1237 1955 Cunr.
1273 1907 1496 1972 Clausero,
1521 1913 1594 1972 (et

338 1984 623 2029 Hartmanno
662 1981 976 2038 Hambergero
992 1976 1027 2034 ‚)
1095 1978 1256 2037 Tiguri
1317 1991 1458 2038 1555.
1512 1980 1595 2029 fol.

339 2049 469 2106 (siint
494 2060 673 2105 quoque
697 2047 894 2102 exempla
915 2044 1004 2089 fine
1034 2045 1137 2088 anni
1158 2053 1291 2098 nota,
1320 2060 1420 2091 cum
1449 2042 1595 2093 bre‘ui-

341 2131 425 2160 ore
448 2115 739 2171 inscriptione
768 2122 815 2158 et
836 2114 959 2156 breui
983 2115 1063 2156 Iac.
1089 2113 1275 2156 Gesneri
1299 2115 1594 2171 praefatione,

339 2182 445 2227 loco
470 2181 689 2241 longioris
715 2179 1063 2236 Clausetianae3)
1086 2200 1152 2212 —-·
1194 2181 1241 2223 in
1262 2178 1398 2224 libros
1420 2183 1593 2242 Regum

345 2261 393 2296 et
418 2248 783 2306 Paralipomenon
810 2246 998 2300 scholia,
1030 2260 1189 2307 graece
1217 2244 1251 2290 Ι.
1278 2246 1485 2303 Meurstus
1501 2252 1593 2307 pri..

341 2333 438 2363 mus
454 2317 612 2373 edidit,
638 2325 685 2360 et
705 2315 883 2360 latinam
903 2317 1078 2359 Hartm.
1099 2313 1440 2373 (Hambergeri)
1460 2315 1593 2362 versi.

343 2398 481 2429 onem
502 2385 663 2428 ad1ecit
685 2382 827 2443 Lugd.
858 2384 948 2427 Eat.
971 2397 1040 2439 ap.
1076 2382 1200 2426 Isaac.
1230 2381 1411 2426 Elseuir.
1448 2387 1590 2431 1620.

339 2466 389 2509 4.
413 2474 479 2484 —
523 2452 566 2505 2)
594 2453 896 2496 Commentar.
917 2451 963 2493 in
985 2449 1148 2492 Esaiam
1174 2449 1320 2493 editus
1341 2464 1438 2494 cum
1464 2466 1591 2508 prae·

338 2517 490 2581 polito
519 2517 697 2565 Eusebii
728 2515 1228 2578 Pamphili-fragmento
1262 2517 1320 2562 de
1352 2518 1453 2563 vitis
1486 2533 1591 2575 pro-

1437 2584 1593 2647 pheta·
