1686 3025
315 239 412 321 365
825 232 1088 287 EVDOCIA.

307 366 489 411 terdum
509 357 692 409 mutasse
713 369 786 408 aut
809 358 1286 408 contraxiss‘e'videtur.
1328 366 1331 369 ’
1367 361 1453 409 S'ed
1473 357 1576 409 raro

308 435 585 489 nominauit,
640 432 796 488 quibus
828 431 899 475 sua
938 432 1119 490 debuit,
1164 431 1381 475 auctores·
1447 433 1582 476 Anti·

310 504 521 558 quiorum
547 500 668 542 enim
691 501 874 542 nomina
895 493 927 541 fi
945 496 1093 556 passim
1123 498 1345 553 laudauit,
1397 498 1444 541 id
1471 500 1580 544 fecit

311 583 365 613 ex
390 567 479 610 aliis
501 569 894 627 grammaticorum
927 576 975 610 et
1006 567 1274 623 scriptorum
1308 565 1444 622 locis,
1500 567 1579 624 qui

308 634 409 678 illos
429 634 725 690 inspexerant.
760 636 883 677 Hinc
903 648 986 677 nec
1004 635 1169 691 vbique
1192 632 1338 691 potest
1368 632 1577 678 lo‘corum'

310 702 435 746 sedes
457 700 728 761 inuestigari,
751 717 836 745 nec
858 703 1017 745 veritas
1046 703 1248 745 omnium
1271 716 1448 755 earum,
1477 717 1581 759 quas

308 767 532 828 narrauit,
565 783 714 812 rerum
737 767 927 813 firmiter
950 768 1139 815 stabiliri.
1185 767 1399 821 Accedit,
1455 768 1580 827 quod

311 838 447 881 etiarn
468 839 708 894 quosdam,
774 838 850 894 qui
883 836 956 881 vel
989 835 1132 880 adhuc
1163 835 1304 882 latent
1338 837 1385 879 in
1409 835 1581 896 angulis

310 903 699 958 bibliothecarum,
733 904 805 948 vel
829 918 1022 961 quorum
1047 905 1214 961 scripta·
1225 905 1471 962 perierunt,
1507 919 1582 947 an-

310 979 359 1017 te
387 971 541 1015 oculos
568 972 731 1015 habere
751 973 929 1028 potuit,
960 973 1027 1015 ita2
1045 980 1092 1015 vt
1115 972 1165 1013 iis
1200 973 1462 1031 fragmentis
1493 972 1571 1015 vti⁴¹

307 1037 484 1084 litatem
497 1041 730 1096 quamdam
763 1036 1017 1096 praestaret.
1085 1041 1205 1082 Num
1233 1039 1406 1095 plenius
1427 1038 1582 1082 suidae
1660 1050 1663 1055 ·

309 1106 564 1164 exemplum
587 1106 817 1158 habuerit,
839 1106 1062 1149 incertum
1097 1104 1207 1148 mihi
1244 1106 1442 1162 quidem'
1459 1106 1581 1148 vide-

307 1182 395 1220 tur.
463 1174 515 1216 ld
539 1189 651 1216 vero
674 1171 954 1229 exploratum
975 1171 1061 1223 est,
1108 1171 1247 1215 multa
1283 1168 1467 1228 Suidae,
1514 1173 1581 1216 vti

307 1240 499 1284 aliorum
521 1254 729 1296 quoque,
764 1253 877 1296 quos
899 1236 1166 1295 compilabat
1187 1237 1258 1281 illa
1273 1269 1286 1292 ‚
1313 1237 1582 1295 scriptorum

309 1315 357 1351 et
384 1305 732 1358 scholiastarum,
763 1306 840 1363 qui
860 1305 1267 1364 adhucsupersunt‚
1298 1304 1396 1350 loca
1427 1321 1480 1350 ex
1494 1306 1583 1350 Eu·

307 1376 463 1426 doci-a,
500 1374 600 1418 suos
622 1374 806 1433 sequuta
831 1374 1037 1433 codices,
1083 1381 1130 1418 et
1150 1372 1276 1431 plura
1300 1369 1480 1418 viciffim
1499 1375 1583 1418 Eu·

309 1444 468 1487 dociae
499 1457 524 1486 e
543 1443 674 1487 Suida
700 1438 972 1499 potissimum
1000 1437 1123 1498 poffe
1148 1443 1391 1486 emendari.
1437 1444 1584 1493 Quare

307 1510 535 1555 Eudociae
559 1526 671 1567 opus
695 1509 883 1568 aliquam
921 1509 1118 1554 criticam
1151 1509 1393 1554 vtilitatem·
1423 1510 1476 1552 ad
1507 1525 1583 1552 au-

311 1578 514 1631 ctorum,
551 1593 602 1622 ex
623 1579 780 1636 quibus
801 1575 1064 1636 congestum
1091 1575 1153 1621 est
1179 1585 1307 1635 opus',
1338 1576 1583 1622 lectionem

309 1645 668 1692 constituendam
710 1646 886 1689 adferre
923 1644 1085 1702 potest
1163 1647 1214 1688 In
1248 1643 1397 1695 multis
1428 1649 1582 1690 tamen.

310 1712 440 1766 locis,
472 1728 584 1769 quae
601 1713 759 1757 vitiosa
780 1708 868 1755 effe
889 1720 937 1755 et
956 1711 1027 1755 vel
1047 1713 1186 1755 aciem
1199 1710 1449 1756 Villoifonii
1473 1709 1586 1756 effu'-
1627 1736 1631 1741 ·

311 1777 450 1840 guse,
473 1778 546 1824 vel
567 1781 832 1837 typothetae
851 1779 1063 1824 tarditate
1085 1787 1295 1836 corrupta
1317 1776 1405 1823 effe
1426 1780 1584 1823 viden-

311 1858 414 1905 tur,
449 1862 568 1891 noua
594 1848 786 1900 codicis,
815 1862 868 1891 ex
893 1861 983 1903 quo
1005 1847 1147 1891 edidit
1172 1845 1412 1899 Villoison‚
1459 1861 1584 1891 com·
1649 1867 1657 1882 ·

303 1917 546 1973 paratione
568 1931 681 1973 opus
706 1910 793 1958 effe
820 1915 1030 1958 arbitror.
1097 1915 1213 1957 Num
1236 1923 1386 1958 autem
1410 1913 1498 1958 hoc
1518 1916 1585 1977 ‘vrib

309 1982 526 2039 olarium,
567 1984 722 2040 prouti
749 1982 954 2026 excusum
975 1981 1186 2025 habemus
1202 2013 1215 2032 ‚
1267 1984 1456 2025 omnino
1473 1997 1583 2026 con-

307 2050 524 2108 scriptum
549 2052 684 2095 fuerit
707 2051 760 2093 ab
786 2049 993 2100 Eudocia‚
1026 2064 1165 2107 paene
1179 2049 1322 2107 potest
1341 2051 1385 2093 in
1399 2050 1581 2095 dubium

308 2120 476 2164 vocari.
547 2119 638 2164 Sed'
674 2119 774 2175 quia
800 2117 889 2161 hoc
913 2117 1126 2161 iudicium
1149 2118 1298 2161 durius
1321 2118 1510 2169 videtur,
1533 2109 1581 2163 ic'l

309 2195 487 2231 certum
506 2185 589 2242 est,
623 2201 647 2229 a
667 2186 906 2229 serioribus
929 2187 1128 2229 manibus
1153 2185 1199 2229 id
1225 2200 1335 2243 opus
1355 2178 1580 2230 ess'evitia-

308 2261 410 2299 tum
431 2262 479 2299 et
500 2270 610 2298 vero
631 2252 957 2310 interpolatum
981 2263 1115 2310 atque
1139 2254 1191 2296 ab
1229 2267 1319 2296 vno
1344 2250 1581 2310 alteroque

309 2322 523 2379 deinceps
550 2323 678 2365 variis
712 2321 1035 2377 locupletatum
1056 2316 1383 2365 acceffionibus.
1435 2322 1581 2371 Quae-

309 2389 414 2432 dam
439 2391 560 2433 enim
583 2392 630 2433 in
662 2404 717 2433 eo
756 2387 892 2432 hodie
926 2387 1164 2448 leguntur,
1205 2402 1317 2444 quae
1341 2388 1579 2432 serioribns

309 2456 462 2501 adsuta
487 2459 654 2501 fuerint
668 2457 960 2512 temporibus.
981 2457 1051 2499 Sic
1064 2458 1109 2498 in
1123 2457 1378 2499 narratione
1392 2455 1449 2500 de
1461 2457 1582 2499 Tro·-

307 2523 350 2568 ia
368 2531 416 2571 et
441 2526 745 2570 Troianorum
763 2524 964 2569 aduentu
983 2524 1038 2568 -in
1061 2523 1182 2570 Italia
1198 2537 1301 2584 pag.
1327 2535 1441 2583 402.
1471 2519 1580 2580 p'ro-

1444 2603 1578 2636 uoca-
