1686 3025
308 247 403 287 mo
476 237 776 312 -tFLAVIVS
807 240 1247 292 PHILOSTRATVS
1274 242 1345 292 et·
1381 240 1385 242 ·

300 358 553 423 Philostrati
585 369 798 427 imagines
834 365 1037 422 heroica,
1090 359 1206 415 vitae
1249 369 1551 430 sophistarum,

208 447 212 451 “
295 435 546 494 Philostrati
574 435 759 478 iunioris
794 436 1022 495 imagines,
1057 437 1386 495 Descriptiones
1420 438 1551 483 Calli-

297 507 431 550 strati.
499 501 697 547 Florent.
720 503 863 547 sumtu
883 503 1074 562 Philippi
1108 507 1276 550 Iuntae.
1308 520 1446 564 1517.
1473 505 1552 550 fol.

297 589 337 617 v.
369 566 564 614 Bandt'ni
597 570 754 615 Annal.
789 580 969 630 typogr.
1001 569 1170 617 luntin.
1207 581 1321 630 part.
1353 576 1422 618 II.v
1447 589 1551 634 pag.

304 653 318 681 1
336 653 390 699 23
420 639 481 696 sq.
514 660 580 671 —
620 638 804 681 Venetiis
830 652 971 698 1535·
993 645 1035 691 8.
1058 641 1104 684 in
1127 640 1247 685 catal.
1273 640 1376 687 bibl.
1392 638 1548 686 Pinell.

295 714 408 751 tom.
435 706 510 752 ΙΙΙ.
537 721 639 767 pag.
671 719 780 764 219.
813 720 924 763 quae
958 708 1063 752 edit.
1097 723 1191 752 non
1224 717 1495 752 memoratur
1524 723 1549 752 a

294 775 537 826 Bandinio,
585 775 660 831 qui
683 775 728 817 in
748 784 874 831 parte
897 773 998 819 libri
1017 790 1148 819 mem.
1174 792 1272 837 pag.
1320 789 1370 833 15
1406 776 1462 832 sq<
1497 774 1550 818 li·

295 844 400 886 bros
423 852 670 898 enumerat,
705 856 816 899 quos
833 843 966 886 Lucas
992 842 1214 887 Antonius
1246 846 1373 888 Iunta
1400 845 1546 886 Vene-

290 912 364 955 tiis
389 926 427 954 a.
454 922 577 968 1532
602 918 649 953 et
670 909 762 966 sqq.
794 908 994 953 formulis
1021 910 1353 971 typographicis
1388 909 1548 953 descri-

290 976 389 1038 psit.
408 999 487 1019 c-
553 973 1042 1031 Philostratinotitiade
1062 974 1402 1033 Arzsli‘ideaddita
1434 975 1545 1036 legi·

287 1055 363 1090 tur
386 1042 804 1093 IuntinaeAristidis
827 1044 1032 1097 editioni,
1069 1043 1263 1090 Florent.
1297 1057 1435 1102 1517.
1466 1042 1544 1088 fol.

289 1139 348 1147 -——
383 1115 556 1156 Textus
580 1110 764 1154 Aldinus
784 1114 876 1155 fere
903 1109 1008 1155 basis
1037 1110 1099 1155 est
1137 1112 1375 1165 editionis,
1411 1126 1543 1168 quam

285 1196 353 1239 gr.
396 1188 444 1223 et
475 1178 552 1222 lat.
583 1192 683 1221 cum
721 1177 951 1222 Callistrati
986 1177 1259 1235 ecphralibus
1293 1187 1340 1223 et
1374 1179 1547 1222 Eusebii

283 1243 563 1290 Caesariensis
586 1245 780 1302 episcopi
805 1244 920 1290 libro
949 1255 1107 1289 contra
1133 1244 1406 1297 Hieroclem,
1443 1241 1546 1290 fied.

282 1311 502 1366 Momllur,
532 1313 629 1356 vsus
651 1320 828 1371 praeter
851 1327 901 1359 ea
921 1311 1125 1360 biblioth,
1157 1314 1307 1371 regiae
1333 1320 1381 1357 et
1410 1310 1545 1357 Paulli

285 1382 454 1426 Petauii
476 1380 607 1425 codd.
621 1388 756 1437 atque
772 1380 882 1437 Adr5
894 1381 1096 1423 Turnebi
1110 1381 1375 1440 Andraeque
1388 1379 1543 1426 Schot-

285 1450 320 1493 ti
373 1445 850 1503 animaduersionibus,
903 1450 1022 1491 foras
1054 1447 1206 1505 dedit,
1258 1446 1388 1493 Paris.
1423 1447 1539 1505 apud

283 1515 441 1562 Claud.
472 1513 717 1560 Nlorellum
757 1514 893 1565 1603.
926 1513 1002 1558 fol.
1065 1540 1106 1548 —
1174 1517 1304 1559 Hanc
1349 1516 1540 1572 excepit,

282 1599 415 1640 quam
441 1583 656 1628 debemus
681 1577 813 1638 Gottf.
837 1580 1005 1624 Olearii
1022 1581 1295 1641 diligentiae,
1331 1583 1407 1640 qui
1444 1596 1540 1626 om-

280 1653 353 1695 nia
379 1667 431 1695 ex
450 1651 578 1695 variis
603 1649 736 1693 codd.
757 1649 994 1701 recensuit,
1024 1647 1162 1695 multa
1183 1649 1455 1708 emendauit,
1487 1651 1537 1694 in

278 1720 380 1762 vitis
413 1714 712 1774 sophistarum
745 1713 919 1760 lacunas
947 1730 1092 1773 prope
1136 1731 1290 1760 omnes
1326 1715 1537 1774 expleuit,

280 1796 330 1830 et
356 1782 619 1828 versionem
643 1785 734 1826 fere
763 1797 925 1825 nouam
965 1785 1093 1837 fecit,
1142 1785 1379 1840 omniaque
1414 1784 1536 1827 notis

276 1852 504 1916 perpetus
536 1848 779 1902 illustrauit,
815 1848 981 1907 Lipsiae
1016 1863 1154 1907 1709
1191 1852 1266 1895 fol.
1331 1852 1443 1907 Sunt
1471 1858 1537 1900 ta·

277 1936 382 1965 men
402 1919 556 1978 hodie,
593 1918 750 1975 quibus
774 1931 908 1974 opera
933 1915 1099 1962 Olearii
1133 1917 1257 1964 valde
1281 1916 1532 1995 displiceat:

275 1999 322 2034 at
344 1988 540 2053 videant,
573 2000 631 2029 ne
652 1984 876 2033 interdum
899 1983 1047 2042 paullo
1072 1984 1316 2028 seueriores
1351 1993 1398 2035 et
1421 1987 1534 2029 iniu-

274 2055 323 2100 sti
350 2048 462 2101 sint
452 2069 498 2098 ln
523 2067 673 2097 manes
695 2051 873 2097 Olearii.
944 2051 996 2097 In
1018 2053 1169 2110 prirnis
1195 2050 1396 2098 Ruhnken
1413 2083 1426 2106 ,
1456 2053 1533 2111 qui

272 2125 320 2168 in
348 2122 625 2166 adnotation.
652 2120 706 2163 ad
727 2120 898 2163 Timaei
921 2117 1131 2164 Lexicon.
1157 2118 1326 2166 Platon.
1361 2118 1533 2178 aliquot

269 2188 519 2236 Philostrati
539 2187 635 2231 loca
656 2183 804 2244 passim
826 2188 1015 2247 corrigit
1042 2185 1293 2238 illustratue‚
1314 2203 1410 2247 pag.
1441 2186 1531 2230 106

271 2258 440 2310 scribit,
477 2254 702 2301 Olearium
725 2253 849 2312 plura
872 2253 1134 2302 Philostrato
1155 2251 1333 2298 vulnera
1353 2252 1533 2298 inflixis-

269 2327 343 2383 se,
414 2338 545 2382 quam
585 2318 774 2379 sanasse,
848 2331 895 2367 et
942 2323 988 2365 in
1033 2325 1214 2378 praefat
1260 2337 1359 2382 pag.
1391 2323 1531 2369 XXII.
1577 2356 1584 2370 .

272 2408 358 2451 „ex
380 2392 467 2436 hoc
501 2389 727 2448 (Platone)
759 2391 839 2443 ait,
869 2389 996 2448 saepe
1023 2397 1070 2434 et
1099 2388 1249 2433 lumen
1273 2398 1320 2434 et
1347 2390 1528 2440 medici-

271 2475 375 2505 nam
419 2459 642 2516 exspectat
686 2453 746 2500 Pl
734 2455 995 2511 dostram,
1049 2471 1132 2515 qua
1167 2458 1222 2501 de
1256 2472 1306 2501 re
1336 2447 1527 2514 Gathofr

266 2526 479 2581 olearias,
513 2527 678 2574 merito
715 2526 768 2571 ab
793 2523 958 2579 iniusta,
995 2539 1125 2585 quarn
1147 2525 1262 2587 apud
1283 2526 1400 2573 ciues
1428 2524 1528 2569 suo‘s

1411 2592 1528 2638 obti-
