1640 3030
537 274 655 321 THE
655 270 922 322 OPHANES.
1254 291 1283 339 4
1291 292 1312 338 3
1319 272 1348 335 '7

91 408 242 454 antea,
279 408 327 445 et
357 398 708 460 castigatiorem,
757 400 801 444 se
837 397 974 445 multa
1010 396 1349 457 deprehendisse

89 471 137 512 in
168 482 328 528 graeco
366 465 606 524 exemplari
642 466 739 511 loca
764 476 861 512 tum
888 469 1038 529 vitiassa
1059 477 1155 512 tum
1178 468 1351 522 mutila,

88 537 150 593 se,
173 535 386 592 quidquid
411 534 456 577 in
480 535 662 593 egregia
687 534 879 592 Goupyli
902 535 1101 580 editione
1126 533 1349 592 reliquum

81 598 258 656 suisset,
298 602 603 659 deprauatum,
635 597 849 655 omissum,
879 601 1115 661 alienoque
1137 601 1239 648 loco
1267 618 1350 660 po-

83 668 243 721 -fitum‚
278 665 486 725 mutasse,
519 667 630 713 nihil
666 667 743 713 nifi.
778 685 831 713 ex
870 669 1109 714 meliorum
1143 670 1349 714 codicum

85 745 136 782 et
163 736 351 781 aliorum
382 736 610 781 austorum
631 735 816 781 subsidio
846 737 916 782 vei
937 734 1139 782 adiecisse
1161 736 1232 782 vel
1258 736 1347 780 sus-

84 801 258 859 tulisse,
303 806 439 862 idque
484 801 663 848 seorsim
711 803 915 850 indicaffe
947 807 995 850 in
1025 805 1347 849 obseruationi-
1432 840 1436 843 .

84 873 178 918 bus,
212 901 268 909 --
336 870 570 928 Epistolam
593 873 650 916 de
675 870 899 917 lumbricis
921 905 933 927 ,
960 888 1118 932 graece
1146 881 1194 917 et
1215 871 1290 916 lat.
1316 886 1344 915 e

82 939 186 983 cod.
255 940 435 983 Veneto
459 939 601 983 edidit
624 938 803 983 Hieron.
826 939 1107 982 Mercurialis
1128 941 1174 984 in
1200 939 1342 983 Variis

80 1005 364 1062 {efflonibus‚
389 1007 554 1050 Venet.
585 1018 729 1061 1570.
750 1019 794 1062 4.
818 1014 866 1050 et:
903 1006 1047 1064 1644.
1071 1005 1146 1050 fol.
1169 1015 1217 1050 et
1241 1020 1343 1050 curn

50 1121 51 1124 ,
77 1071 200 1121 libro
225 1074 282 1117 de
299 1087 543 1130 puerorum
565 1073 748 1131 morbis,
777 1075 977 1117 Francof.
1008 1078 1151 1130 1584.
1179 1078 1224 1124 8.
1250 1087 1341 1116 rec.
1363 1099 1367 1103 -

80 1156 106 1185 a
124 1136 320 1183 Fabricio
348 1141 393 1183 in
420 1142 466 1183 B.
493 1141 570 1184 Gr.
598 1138 700 1183 Vol.
724 1142 818 1186 ΧΠ.
840 1139 960 1184 Libr.
984 1141 1060 1185 VI.
1084 1156 1176 1198 cap.
1202 1152 1246 1196 7.
1267 1141 1342 1183 vbi

83 1210 141 1253 de
175 1207 401 1252 Tralliano
443 1205 593 1249 nostro
627 1207 802 1250 vberius
841 1204 1075 1253 disseritur.
1097 1231 1140 1241 —
1182 1208 1341 1251 Libros

80 1274 183 1320 illos
216 1276 312 1318 ΧΠ.
357 1282 405 1317 et
451 1271 678 1329 epistolam
719 1289 823 1317 -cum
867 1274 1146 1332 superiorum
1193 1274 1341 1318 edito-

77 1357 179 1389 rum
215 1339 664 1385 animaduerfionibus
696 1340 878 1400 aliisque
915 1338 1225 1387 accessionibus
1251 1342 1345 1386 edi*

77 1419 204 1457 turus
230 1408 290 1454 est
311 1407 362 1452 cl.
394 1410 541 1452 Franz.
564 1410 616 1454 11.
636 1407 756 1452 Voll.
782 1414 825 1460 8.
901 1407 905 1410 ’

176 1491 226 1534 4.
265 1475 394 1520 Adde
417 1470 696 1536 Hamberger.
723 1479 771 1520 Z.
795 1478 851 1522 Ν.
877 1473 978 1519 Vol.
1003 1478 1079 1520 111.
1106 1491 1204 1535 pag.
1226 1488 1338 1533 422.

74 1542 249 1586 Halteri
289 1542 397 1587 Bibl.
436 1543 633 1604 chirurg.
670 1545 804 1588 Torn.
826 1546 855 1591 I.
883 1559 983 1602 pag.
1017 1556 1124 1601 107.
1152 1551 1201 1588 et
1225 1541 1337 1592 Bibl.

73 1613 231 1658 botan.
256 1627 353 1671 pag.
386 1611 492 1654 160.
516 1610 577 1670 sq.
643 1609 772 1654 Saxii
797 1611 884 1659 On.
909 1612 961 1657 11.
988 1626 1089 1672 pag.
1113 1623 1194 1668 42.

607 1744 648 1798 §.
758 1757 855 1790 2.¹

341 1757 1064 1899 THEOPZANES.

176 1956 216 1990 1.
243 1941 493 2002 Byzantius,
514 1942 759 1988 historicus·
810 1939 987 2000 Scripsit
1015 1942 1173 1986 decem
1193 1940 1334 1986 libros

65 2008 353 2067 —hzstoriarum
391 2013 442 2054 ab
479 2026 597 2053 anno
621 2010 814 2054 secundo
842 2009 992 2054 Iustini
1012 2012 1224 2062 iunioris,
1257 2009 1335 2066 (a,

65 2079 183 2125 Chr.
209 2077 339 2135 567.)
363 2078 415 2121 ad
437 2093 600 2121 annum
626 2078 824 2121 eiusdem
843 2076 992 2122 Iustini
1015 2078 1336 2120 duodecimum

69 2147 139 2204 (a.
163 2144 271 2191 Chr.
298 2148 431 2203 577.)
457 2145 517 2189 ita
544 2152 593 2190 vt
629 2142 806 2204 singulis
834 2143 956 2193 libris
976 2142 1168 2203 singulos
1193 2158 1334 2186 annos

65 2209 276 2258 “tribuisse
298 2213 544 2257 videretur.
595 2213 813 2269 Excerpta
836 2225 889 2256 ex
911 2209 995 2255 illis
1017 2210 1210 2258 seruauit
1230 2206 1335 2253 Pho.

73 2283 165 2325 tius
194 2280 297 2325 cod.
321 2278 493 2324 LXIIH.
1253 2329 1257 2332 ,

183 2360 226 2391 2.
270 2342 426 2406 Longe
460 2345 659 2389 diuersus
702 2361 725 2391 a
761 2339 1035 2411 Theophane,
1092 2341 1330 2403 confiffore,

79 2413 139 2459 de
167 2429 257 2472 quo
280 2413 427 2471 paullo
457 2414 639 2458 inferius
663 2415 825 2472 agitur.
1246 2411 1252 2415 ”

65 2513 73 2520 ..
179 2496 216 2540 3.
253 2477 422 2535 Fabric.
459 2483 505 2526 Β.
541 2479 618 2526 Gr.
651 2480 752 2526 libr.
782 2480 842 2525 .V.
879 2477 968 2524 vol.
991 2478 1066 2524 VI.
1089 2495 1188 2541 pag.
1221 2490 1332 2538 151·

66 2556 180 2596 mot.
204 2555 252 2594 et
273 2563 376 2609 pag·
398 2561 420 2591 2
430 2562 503 2610 39.
536 2549 649 2595 item
670 2547 760 2595 vol.
784 2549 927 2604 IX,.p0
955 2557 1065 2607 397.
1236 2576 1243 2586 ,

63 2629 74 2654 s
766 2615 837 2662 Ee
872 2629 897 2678 3
1191 2616 1234 2671 §.
1254 2625 1338 2673 73·
