1686 3025
289 238 386 287 154
558 226 836 276 cLAtmms
863 225 1253 280 PTOLEMAEVS.

281 352 414 398 ratim
445 352 586 399 edidit
606 353 805 396 Erasmus
824 350 1048 399 Reinhold.
1070 351 1290 401 'Witteb.=v
1309 368 1448 416 1549.
1489 362 1546 410 3.*

279 421 351 466 De
383 422 511 466 codd.
538 419 808 465 verfionibus
842 429 889 466 et
918 425 1343 468 commentatoribus
1374 441 1416 470 v.
1454 423 1535 468 Fa-

278 482 463 532 bricium
483 503 582 547 pag.
610 500 722 545 417.
749 489 841 548 sqq·
867 489 981 532 adde
1003 488 1150 547 paullo
1172 489 1293 546 post,
1333 507 1399 535 nr.
1435 503 1481 549 5,

373 579 439 591 ...-
473 550 598 597 Libri
629 565 810 610 quatuor
841 556 1048 618 compositi
1066 559 1125 610 ²¹‘)‚
1159 558 1267 612 Syro
1301 559 1449 613 fratri,
1485 564 1538 606 eb

266 617 444 680 fruc'ius
474 617 680 665 librorum
694 620 905 683 suorum,
967 622 1054 668 fiue
1088 633 1270 669 centum
1302 625 1414 671 dicia
1443 635 1532 672 etc.

272 704 435 748 graece
477 679 669 747 primum
716 692 824 736 editi
857 707 880 735 a
909 689 1116 734 Ioachimo
1146 691 1400 734 Cameraria
1430 707 1532 738 cum

272 755 480 801 versione
502 757 571 801 sua
593 758 785 802 duorum
809 761 1008 816 priorum
1037 758 1255 803 librorum
1282 767 1329 805 et
1364 761 1532 816 praeci·

273 839 469 881 pilorum
493 839 518 869 e
540 823 718 883 reliquis
742 824 961 880 locorum,
999 835 1047 872 et
1067 828 1184 871 notis
1198 828 1250 872 ad
1265 826 1401 871 libros
1415 828 1529 871 duos

271 893 446 950 priores
480 902 567 939 etc.
591 894 867 954 Noribergae
913 907 1052 953 1535.
1084 909 1130 950 4.
1194 896 1356 939 Addita
1386 893 1447 941 est
1481 895 1530 941 in

272 975 339 1004 ex.
353 958 456 1003 bibl.
480 958 792 1019 Erlangfvetus
808 959 1036 1005 translatio
1061 963 1114 1004 11.
1130 961 1362 1018 posterior.
1385 959 1525 1007 libro-

270 1041 386 1071 rum.
457 1028 586 1071 Hanc
617 1028 854 1072 Camerarii
888 1028 1136 1075 editionem
1167 1027 1316 1073 multis
1350 1030 1527 1076 mendis

267 1102 528 1154 purgatam,
563 1094 753 1148 anetam,
790 1102 980 1152 quatuor
1011 1094 1131 1138 libris
1164 1094 1240 1140 lat.
1274 1093 1430 1150 verfis,
1477 1102 1525 1144 et

271 1162 548 1219 inscriptam,
595 1157 647 1203 de
688 1152 1054 1224 praedic'lionibus
1093 1159 1406 1218 astronomicis,
1454 1163 1526 1204 cui

267 1227 445 1273 titulum
473 1226 702 1286 fecerunt,
735 1225 1112 1290 quadripartitum
1145 1236 1229 1273 etc.
1265 1244 1330 1288 gr.
1367 1237 1415 1273 et
1447 1228 1535 1277 lat..

266 1296 422 1340 recudi
433 1296 549 1353 'fecit
568 1291 757 1358 Philipp.
783 1292 1046 1340 Melanthon.
1065 1293 1250 1339 Bafileae
1271 1296 1385 1352 apud
1399 1295 1523 1353 Opo-

263 1365 412 1408 rinum
453 1376 594 1423 1553.
631 1369 673 1414 8.
742 1364 984 1420 Separatim
1018 1378 1152 1417 vero,
1185 1378 1283 1407 cum
1311 1361 1523 1420 peculiari

263 1431 584 1488 inscriptione,
616 1430 764 1474 addita
794 1445 948 1489 graeca
982 1430 1106 1477 sunt:
1145 1452 1212 1464 —-
1244 1420 1430 1481 κλαυδίε
1460 1454 1521 1468 v-

259 1494 440 1542 Claudii
455 1495 684 1541 Ptolemaei
700 1494 950 1542 Pelufienfis
971 1496 1072 1545 libri
1087 1500 1302 1555 &quatuor²
1338 1512 1522 1555 compo·

261 1566 331 1612 fiti
354 1566 464 1622 Syro
481 1565 619 1611 fratri.
689 1565 895 1608 Eiusdem
908 1565 1070 1609 frustus
1092 1564 1310 1613 librorum
1324 1565 1520 1618 suorum,

262 1633 352 1678 iiue
374 1640 558 1677 centum
579 1630 691 1676 dieta
713 1632 766 1679 ad
799 1623 991 1675 eundem
1015 1633 1186 1689 Syrum.
1252 1632 1519 1686 Innumeris,

259 1703 417 1760 quibus
434 1699 669 1755 ,hucusque
689 1698 915 1742 scatebant
936 1698 1109 1753 mendis
1128 1729 1141 1751 ‚
1177 1699 1368 1758 purgati.
1437 1701 1517 1742 Ba·

255 1768 386 1813 fileae
411 1781 491 1823 per
512 1767 634 1809 Ioan.
659 1765 938 1822 oporinum,
973 1764 1090 1819 (cum
1114 1762 1249 1809 Joach.
1267 1766 1516 1810 Camerarii

259 1835 381 1893 epist.
403 1833 539 1893 longa
559 1832 613 1875 ad
625 1830 872 1888 Albertum‚
906 1831 1514 1893 Marchion.Brandenburg.)
1547 1848 1550 1851 ’

257 1905 311 1948 In
343 1902 473 1947 calce.
497 1912 637 1959 1553.
679 1904 721 1950 8.
752 1922 810 1932 —-
880 1898 1052 1944 Claudii
1082 1899 1196 1943 Ptol.
1228 1923 1296 1932 —
1331 1909 1514 1945 centum

254 1971 506 2016 sententiae
533 1967 784 2023 interprete
828 1966 1003 2026 Georgio
1043 1965 1347 2027 Trapezuntio.
1378 1964 1512 2010 Lucae

255 2032 458 2080 Gatiric‘ii
485 2035 628 2079 oratio
652 2034 708 2077 de
724 2034 1005 2083 inuenfflone,
1039 2032 1228 2080 vtilitate
1251 2033 1509 2079 etlaudibus

254 2104 560 2150 astronomiae.
635 2089 809 2144 'Romae
843 2115 924 2157 per
955 2098 1180 2145 Valerium
1215 2103 1430 2146 Doricum
1461 2110 1509 2148 et

250 2173 531 2217 Ludouicum
554 2172 709 2213 fratres
735 2169 970 2214 Brixian05.
1002 2181 1018 2211 1
1033 2182 1142 2226 540.
1161 2183 1207 2225 4³
1276 2170 1345 2213 De
1367 2169 1508 2212 trlbus

252 2240 321 2288 his
342 2240 462 2288 libris
484 2254 523 2284 v.
554 2250 735 2296 quoque
757 2235 1087 2296 Baumgartenii
1105 2235 1356 2285 Nachricht.
1387 2240 1506 2283 tom.

1323 2299 1379 2348 X.
1401 2317 1505 2362 pag.

299 2417 348 2469 ,’)
376 2416 562 2456 Gauricus
589 2413 796 2461 Gaffendus
839 2419 879 2452 et
904 2415 1086 2455 Dechales
1115 2413 1153 2452 id
1180 2425 1277 2462 opus
1305 2412 1505 2462 suppositi·

363 2474 458 2510 tium
478 2472 549 2509 esse
574 2474 824 2510 contendunt.
861 2467 1026 2506 Weidler
1058 2470 1098 2506 in
1128 2470 1210 2507 hist.
1243 2469 1383 2507 astron.
1414 2481 1502 2521 pag.
1565 2490 1568 2494 ·

365 2531 457 2571 182.
484 2528 650 2565 incertus
669 2528 733 2564 est.
757 2528 854 2564 adde
874 2522 1032 2574 Freytag
1055 2526 1094 2562 in
1115 2527 1243 2577 adpar.
1265 2525 1382 2567 litter.
1404 2533 1499 2567 tom.

359 2587 424 2627 ΙΙΙ.
454 2596 490 2638 p.
517 2591 610 2631 721·
634 2584 713 2636 sqq.
739 2585 786 2623 de
808 2581 898 2622 edit·
921 2581 1140 2624 Camerarii.
