1686 3025
255 273 356 326 354
717 258 1047 307 HESrCHIVS.

250 389 422 434 Romae
447 380 662 445 179o.‘4.
692 386 739 429 in
765 400 950 443 quarum
980 379 1132 443 priore
1149 382 1347 431 Lexicon
1368 377 1537 447 Hesya.

251 455 341 500 chii
383 457 460 501 MS
500 453 725 497 Venetum
762 464 913 498 curate
953 451 1194 511 descripfit.
1260 453 1339 499 Ille
1375 456 1517 515 igitur

250 538 457 583 magnam
478 521 659 578 quidem
679 520 846 564 Masuri
870 521 1117 565 dodirinam
1147 531 1282 579 atque
1311 522 1520 582 sagacita-

251 599 349 636 tem
368 590 541 638 laudat;
577 597 622 633 at
640 597 771 632 notat
798 604 992 646 quoque,
1029 589 1111 633 suis
1142 588 1268 632 illum
1301 590 1516 634 mutatio-

249 660 381 704 nibus
402 664 602 701 veterem
630 655 872 699 lectionem
905 659 1136 701 interdum
1164 654 1404 701 reddidisse
1436 657 1520 700 mi-

249 739 335 770 nus
361 734 531 771 notam.
565 725 612 767 in
634 724 911 784 corrigendis
935 723 1102 768 librarii
1120 725 1358 780 ¹erroribus
1377 723 1520 781 ipsum

247 793 381 850 saepe
406 787 590 842 errasse,
627 791 836 835 ordinem
861 791 1201 851 alphabeticum,
1223 793 1296 836 vbi
1326 793 1520 850 primum

250 856 492 921 glossarum
524 858 787 903 vocabulum
820 859 883 903 est
917 860 1145 913 vitiosum,
1181 860 1386 904 audacter
1423 875 1522 904 mu-

249 923 359 974 taffe
394 938 442 972 et
476 924 718 979 truncasse,
756 942 915 977 omnes
942 926 1095 972 latinas
1128 923 1313 973 omisisse
1346 923 1522 987 glossas,

249 994 377 1054 plura
399 1000 455 1039 ex
479 995 789 1055 etymologico
810 997 872 1040 Nl.
898 994 1083 1052 aliisque
1107 996 1401 1054 grammaticis
1435 997 1519 1040 im-

249 1058 494 1114 miscuisse,
548 1063 779 1106 austorum
811 1059 1054 1119 corrupisse
1090 1066 1300 1120 nomina,
1360 1059 1520 1123 glossas

248 1131 366 1176 male
389 1126 575 1174 diuififfe
608 1138 684 1174 aut
711 1126 1005 1179 coniunxisse,
1047 1132 1310 1173 varietatem
1331 1145 1354 1173 a
1378 1133 1520 1187 prima

247 1214 384 1244 manu
407 1199 532 1254 supra
555 1196 760 1253 scriptam
783 1211 866 1252 pro
889 1195 1035 1239 lubitu
1061 1193 1272 1253 recepisse
1299 1207 1375 1241 aut
1406 1201 1521 1241 reie-

250 1262 371 1311 cisse,
439 1261 851 1321 Interpolationum
871 1278 980 1306 vero
1004 1270 1051 1306 et
1072 1265 1388 1321 mutationum,
1414 1279 1539 1322 quas.-

247 1334 454 1380 Musurus
474 1335 656 1380 fecerat,
693 1330 933 1387 specimina
957 1345 1010 1374 ex
1029 1329 1178 1376 littera
1202 1330 1252 1376 A.
1277 1347 1376 1391 pag.
1413 1346 1463 1391 ¹3
1487 1349 1537 1368 -‘

250 1415 314 1461 29
336 1400 572 1458 praebuit,
611 1405 660 1442 et
683 1413 784 1458 pag.
827 1411 887 1457 30
909 1421 951 1431 -
970 1411 1052 1456 47.
1072 1408 1248 1455 partem
1269 1398 1447 1444 litterae
1464 1398 1533 1446 Κ.Δ

207 1472 214 1476 ”
248 1469 495 1514 secundum
519 1467 724 1516 codicem
756 1474 804 1511 et
835 1465 1075 1509 secundum
1097 1467 1206 1513 edit.
1239 1466 1411 1512 Alberti
1441 1467 1530 1512 ‹ie-³

250 1538 334 1582 dit.
404 1534 580 1579 Plenius
601 1533 745 1579 adhuc
769 1534 817 1577 in
842 1532 1118 1579 restituendo
1140 1531 1343 1592 Hesychii
1363 1535 1520 1582 codice

253 1614 304 1650 et
329 1604 499 1649 Masuri
533 1617 634 1646 cura
665 1600 883 1645 laudanda
913 1617 1055 1659 aeque
1089 1617 1137 1646 ac
1168 1604 1260 1646 eius
1292 1604 1520 1647 erroribus

249 1671 569 1731 patefaciendis
591 1669 712 1713 idem
733 1670 801 1713 vir
826 1665 994 1713 doctiss.
1020 1669 1215 1714 versatus
1248 1669 1337 1723 est,
1377 1678 1426 1714 et
1446 1679 1521 1714 to-

249 1749 350 1785 tum
369 1737 582 1797 Hesychii
605 1736 783 1780 lexicon
805 1737 864 1780 ita
900 1749 953 1779 ex
973 1737 1127 1780 codice
1163 1734 1277 1794 quasi
1314 1736 1532 1792 restituit‚=

250 1815 303 1852 vt
323 1808 370 1850 in
390 1805 529 1850 altera
550 1805 738 1863 paginae
761 1802 967 1846 columna
987 1801 1227 1848 lectionem
1263 1806 1352 1850 MS.
1377 1806 1423 1848 in
1456 1804 1517 1850 al-

250 1883 350 1920 tera
377 1882 527 1918 autem
553 1870 626 1915 vel
649 1871 879 1914 minimam
903 1870 1068 1915 Musuri
1091 1873 1389 1917 mutationem
1402 1870 1519 1917 siste-

251 1948 352 1994 ret,
399 1949 447 1986 et
471 1940 591 1984 notis
624 1939 785 1982 criticis
820 1937 1071 1984 illustraret.
1141 1941 1192 1983 In
1238 1941 1526 1996 praefatione.

249 2019 401 2054 autem
423 2009 481 2052 de
521 2007 676 2050 codice
710 2004 790 2048 illo
816 2007 1019 2058 VenetO,
1066 2007 1123 2050 de
1150 2004 1297 2066 glossis
1315 2006 1446 2052 illatis
1468 2015 1527 2056 et.

251 2076 567 2121 additamentis
604 2072 810 2132 reliquis,
863 2074 1044 2118 Musuro
1085 2083 1170 2119 etc.
1205 2073 1523 2134 intelligenter-

250 2141 435 2189 differit.
503 2141 740 2198 Inscriptio
761 2140 864 2184 libri
887 2140 995 2186 haec
1009 2141 1093 2186 est:
1117 2139 1320 2200 Hespe-hii
1337 2142 1526 2185 Lexicon-

252 2228 304 2256 ex
329 2212 485 2256 codice
511 2211 601 2254 NlS.
629 2206 924 2253 bibliothecae
947 2210 1001 2253 D.
1027 2211 1163 2254 Marci
1193 2209 1443 2254 restitutum
1467 2218 1518 2256 et

251 2282 306 2324 ab
326 2280 532 2323 omnibus
545 2275 712 2321 Masuri
731 2277 1082 2322 correctionibus
1094 2285 1398 2337 repurgatum,
1425 2274 1521 2322 fiue-

252 2347 573 2405 Snpplementa
602 2344 656 2388 ad
694 2345 949 2398 editionem
970 2345 1179 2401 Hesychii
1221 2343 1521 2401 Albertinam',

251 2415 435 2459 auttore
456 2413 510 2459 N.
543 2409 695 2458 Scholv.
733 2411 913 2469 Lipsiae,
945 2414 993 2456 in
1027 2409 1199 2456 officina
1231 2413 1515 2460 Weidmann.

259 2495 402 2539 1792.
426 2497 483 2526 m.
510 2485 554 2532 8.
621 2476 801 2525 Dofflff.
827 2477 1242 2538 humanissimusque
1263 2475 1404 2522 Schow
1436 2494 1520 2525 ex⁴

249 2543 427 2606 islimat‚
461 2542 625 2612 glossas·
641 2545 819 2593 biblicas
838 2548 894 2593 ad
913 2561 1046 2593 vnam
1067 2562 1226 2593 omnes
1246 2548 1432 2593 minime
1457 2548 1513 2592 ab

1363 2615 1511 2678 Hesy-

1677 1526 1684 1533 .
1671 1476 1686 1491 s
1669 1290 1686 1465 ,cuam-ame
1656 1267 1661 1274 ⁴
