1686 3025
251 287 273 320 1
282 274 347 320 66
461 281 465 284 ’
671 271 1074 319 HERMOGENES.

247 399 359 444 citat
372 394 559 440 Galenus
579 411 677 457 pag.
706 411 781 456 13.
804 397 912 442 edit.
938 394 1056 441 Bafil.
1085 403 1133 442 et
1151 396 1397 455 Xiphilinus
1410 403 1506 444 tra-'

248 467 333 519 dit,
363 462 552 508 floruisse
564 465 639 508 sub
651 465 892 508 Hadriano,
907 468 1024 508 conf.
1040 461 1216 521 Kustner
1227 467 1272 509 in
1284 467 1416 511 Mem.
1439 467 1497 511 de

247 532 282 578 3'
302 534 438 577 Acad.
465 533 542 574 des
560 532 694 577 Inscr.
717 541 831 577 tom.
854 531 927 579 IV.
952 547 1052 591 pag.
1078 532 1189 589 667.
1213 539 1261 577 et
1285 534 1339 577 V.
1362 535 1418 578 D.
1453 535 1500 577 in.
1561 534 1565 538 ”
1642 561 1645 568 ›

253 599 360 643 bibi.
381 597 535 656 philol.
561 600 805 659 Gottingae
840 612 981 657 1770.
1003 597 1090 645 vol.
1112 600 1145 643 Ι.
1176 608 1289 655 part.
1310 600 1366 645 V.
1398 615 1502 660 pag.

251 680 279 727 3
294 677 311 710 1
326 679 366 711 1.
390 673 440 712 vt
459 665 566 711 alios
589 680 612 711 a
633 668 829 712 Fabricio
852 674 1125 713 memoratos
1151 668 1370 712 omittam.-

562 889 761 936 AELIVS
787 801 1205 936 §HE{{{)D1ANVS.

359 1014 401 1047 1.
433 1000 532 1045 Post
552 1015 715 1045 annum
735 1001 814 1046 Ch.
845 999 961 1047 161(
977 1001 1119 1046 adhuc
1141 1003 1188 1045 in
1211 999 1319 1045 viuis
1342 999 1442 1048 fuit.

357 1081 405 1113 2.
439 1066 772 1122 Alexandrinus,
785 1067 1020 1126 ‘Apollonii
1032 1066 1209 1128 Dyscoli
1219 1066 1344 1121 filius,
1357 1071 1509 1113 Gram-

253 1136 458 1182 maticus.
491 1139 677 1180 Romam
698 1133 933 1185 conceffit,
966 1137 1040 1178 vbi
1059 1136 1175 1192 apud
1195 1136 1512 1191 imperatorem

249 1202 456 1248 Marcum
478 1201 757 1245 Antoninum
778 1204 824 1244 in
845 1217 1002 1259 magna
1039 1203 1122 1245 fuit
1157 1194 1310 1260 gratia.

367 1283 410 1328 3.
444 1268 586 1312 Multa
601 1266 789 1324 scripsit:
824 1279 868 1312 at
888 1269 940 1311 ab
964 1268 1150 1311 interitu
1174 1276 1346 1312 tantum
1371 1268 1513 1312 serua-

256 1343 304 1382 ta
327 1335 441 1387 sunt,
483 1335 530 1389 1)
569 1335 625 1378 de
649 1327 842 1379 numeris
858 1338 1174 1393 fragmentum.
1212 1335 1258 1391 2)
1287 1334 1516 1380 deductio·
1577 1368 1587 1380 .

253 1400 921 1447 nesdifficulterdeclinatorum
941 1403 1197 1447 verborum.
1268 1406 1318 1460 3)
1353 1401 1519 1446 dema-

255 1484 353 1530 gno
378 1470 545 1521 verb0,
577 1467 843 1525 (rhetore).
878 1466 934 1527 4)
967 1470 1023 1512 de
1057 1468 1300 1522 inclinatis,
1342 1467 1517 1515 enclitia

253 1538 320 1582 cis
358 1544 406 1582 et
449 1534 719 1581 coencliticis
768 1534 1057 1587 dictiunculis.
1130 1536 1183 1596 ς)
1228 1535 1519 1591 Philaeterus‚

256 1604 318 1655 6)
353 1606 615 1663 fragmenta.

315 1705 318 1708 .
357 1683 406 1728 4.
440 1672 510 1714 De
530 1669 724 1713 numeris
749 1671 1047 1727 fragmentum
1068 1682 1247 1728 graece,
1284 1667 1517 1713 cumThe-
1584 1673 1586 1675 ’

260 1738 393 1782 odor.
424 1737 562 1780 Gazae
608 1735 941 1780 introductione
990 1737 1271 1796 grammatica
1307 1734 1406 1779 libr.
1438 1737 1516 1781 IV.

261 1807 427 1850 Venet.
445 1803 561 1859 apud
582 1801 746 1847 Aldum
776 1815 911 1860 1499.
941 1803 1022 1850 fol.
1062 1826 1129 1836 --
1160 1803 1216 1845 de
1235 1817 1397 1861 magno
1417 1817 1519 1846 ver.

263 1874 350 1922 bo,
389 1869 679 1914 dedufflones
704 1878 787 1914 etc.
813 1870 866 1913 de
888 1869 1106 1914 inclinatis
1136 1876 1222 1913 etc.
1254 1883 1435 1928 graece,
1471 1871 1519 1913 in

261 1954 408 1983 cornu
429 1939 580 1994 copiae
604 1944 652 1980 et
673 1935 814 1981 hortis
836 1937 1078 1989 Adonidis,
1110 1937 1270 1980 Venet.
1308 1936 1422 1993 apud
1446 1934 1521 1981 Al-

262 2007 373 2050 dum
402 2004 548 2060 =1496.
582 2002 660 2049 fol.
695 2026 763 2036 ·—-
796 2003 853 2046 de
887 2002 1105 2047 inclinatis
1129 2010 1214 2048 etc.
1241 2017 1398 2062 graece
1422 2000 1519 2060 post

261 2071 574 2117 diffionarium
585 2068 888 2130 graeco-latin.
899 2071 1061 2116 Venet.
1075 2071 1189 2127 apud
1202 2069 1362 2114 Aldurn
1379 2083 1395 2112 1
1410 2083 1432 2126 5
1442 2083 1464 2112 2
1475 2083 1522 2128 3·

265 2140 348 2184 fol.
378 2161 446 2173 —-
490 2141 806 2196 Fragmentum
839 2153 906 2196 gr.
940 2145 987 2182 et
1016 2136 1091 2182 lat.
1122 2152 1222 2181 cum
1250 2139 1369 2183 notis
1394 2139 1520 2181 Nun-

263 2205 398 2258 nefii,
431 2203 691 2250 Hoeschelii
716 2213 763 2250 et
784 2205 840 2249 de
867 2207 968 2249 Paw
998 2205 1046 2248 in
1078 2203 1204 2249 huius
1234 2204 1304 2248 ed.
1334 2203 1521 2262 Phryni-

268 2274 341 2318 chi
365 2271 520 2333 Eclog.
543 2274 662 2316 Trai.
687 2273 740 2315 ad
775 2272 855 2317 Rh.
895 2284 950 2329 17
961 2286 1034 2330 39.
1059 2285 1105 2328 4.
1139 2295 1197 2304 -
1252 2269 1522 2315 Philetaerus

269 2355 297 2384 e
324 2342 411 2385 MS.
437 2342 633 2396 primum
665 2341 809 2384 editus
845 2346 892 2383 et
920 2342 1231 2398 Fragmentum
1255 2352 1280 2381 e
1304 2338 1423 2382 MSS.
1448 2352 1524 2381 au-

269 2407 380 2450 &ius
400 2415 533 2464 atque
557 2407 834 2451 emendatius
859 2420 957 2448 cum
981 2404 1163 2457 Sallierii
1199 2413 1245 2449 et
1266 2407 1331 2450 Io.
1353 2404 1524 2448 Pierso-

269 2476 319 2518 ni
341 2476 490 2534 notis,
524 2475 579 2518 ad
602 2473 765 2518 calcem
791 2473 1003 2516 Moeridis
1026 2470 1250 2516 Atticistae
1278 2487 1302 2515 a
1323 2469 1525 2530 Pierfimo

271 2543 413 2602 Lugd.
437 2543 483 2586 B.
511 2554 651 2602 1759.
679 2538 721 2592 8.
747 2540 867 2586 editi.
905 2563 969 2572 —
1015 2534 1219 2596 Villoison
1241 2539 1287 2583 in
1318 2539 1525 2583 anecdot.

1404 2617 1527 2667 grae-
