1640 3030
574 255 816 303 PROCOPI
819 255 897 306 VS.
966 242 967 248 ¹
1256 269 1351 318 433

97 385 154 431 tis
176 385 310 427 animi
332 384 618 440 opinionibus
641 385 852 440 abreptos
874 380 1071 442 grauiter
1094 376 1251 425 errasse
1272 397 1354 439 pu·-

94 449 471 497 tat.'historiarum
509 450 608 494 libr.
653 450 763 495 Vm.
803 450 995 506 primurn
1034 463 1192 508 graece
1227 444 1352 496 editi.

93 515 282 562 Acceffit
313 517 423 561 liber
456 517 513 561 de
548 515 754 562 aedificiis
788 515 1037 573 Iustiniani,
1072 519 1164 559 fere
1198 509 1353 572 duplo,

20 641 26 645 „
93 600 225 643 quam
248 592 375 628 antea
393 585 561 629 auctior
589 601 725 642 opera
745 580 902 627 Dauid.
921 575 1153 640 Hoesc'heliz'
1173 598 1351 643 graece.

91 651 274 712 August.
291 648 465 698 Vindel.
489 653 624 708 1607.
651 652 728 698 sol.
752 653 858 697 edit.
881 651 1022 694 nitida
1046 659 1092 696 et
1107 652 1352 698 admodum

91 735 202 764 rara.
233 743 298 757 -ε
370 720 619 774 Anecdota‚
651 735 804 767 arcana
826 718 1018 772 historia,
1056 721 1131 776 qui
1153 720 1214 762 est
1235 719 1354 766 liber

90 802 237 831 nonus
271 785 575 833 historiarum:
612 803 666 832 ex
701 785 973 831 bibliotheca
998 788 1204 830 Vaticana
1225 786 1352 829 Nico-

91 851 186 897 laus
227 853 486 897 Ala-mannus
520 855 734 912 protulit,
785 852 922 899 latine
959 854 1182 906 reddidit,
1228 856 1352 900 notis

89 922 305 978 (primum
337 920 579 977 historicis,
613 931 710 966 tum
741 921 952 964 censoriis
988 921 1013 963 s
1040 919 1232 976 criticis)
1252 921 1352 965 illu-

88 986 264 1032 strauit:
293 991 423 1033 Nunc
459 989 652 1044 primum
692 989 739 1030 in
769 987 915 1031 lucem
943 987 1114 1043 prodiit
1138 986 1350 1046 Lugduni

94 1055 234 1110 [623.
272 1053 348 1098 fol.
381 1054 498 1110 (rar.
533 1053 641 1105 lib.)
668 1055 831 1098 adiecit
854 1055 1061 1109 Procopii
1084 1058 1352 1113 fragmenta.

0 1133 3 1137 ·
86 1144 132 1155 —-
169 1120 334 1168 Colon.
373 1121 512 1180 1669.
552 1120 628 1168 fol.
657 1146 704 1155 -—-
779 1124 929 1172 Haec,
965 1135 1073 1177 quae
1101 1120 1350 1179 supersunt,

84 1203 246 1246 opera,
281 1188 445 1232 lacunis
477 1187 676 1244 plurimis
709 1203 734 1232 e
771 1188 901 1233 codd.
922 1188 1145 1246 impletis,
1180 1190 1350 1234 3υᾶἰο-

87 1271 137 1300 ra
166 1265 300 1313 atque
330 1255 662 1305 emendatiora,
700 1257 910 1312 notisque
949 1254 1155 1298 illustrata
1189 1271 1259 1315 gr·
1296 1267 1348 1303 et

87 1321 163 1367 lat.
186 1321 459 1366 coniunfflrn
485 1322 626 1367 edidit
638 1319 845 1364 Claudius
865 1320 1190 1380 Maltretus,11.
1207 1325 1348 1371 Toni.

86 1387 216 1436 Paris.
260 1391 400 1435 1662.
427 1387 504 1434 fol.
530 1404 553 1433 e
581 1391 701 1433 cuius
725 1387 983 1434 recensione
1004 1390 1152 1434 recusa
1174 1390 1308 1437 sunt
1285 1409 1349 1439 in.

85 1457 293 1515 Corpore
320 1457 583 1514 scriptorum
608 1459 783 1516 Byzanti
790 1472 973 1510 norum,
1007 1459 1169 1502 Venet.
1203 1471 1349 1520 1729.

86 1547 152 1559 ·-
188 1526 250 1568 Ex
279 1522 378 1567 libr.
403 1526 499 1570 IIII.
522 1525 579 1568 de
599 1526 640 1568 Β.
667 1523 854 1584 gothico
880 1525 1230 1583 descriptionem
1253 1529 1351 1571 Eu-

84 1583 177 1635 xin‘l
197 1594 326 1651 ponti
355 1607 408 1651 gr
443 1600 490 1635 et
509 1590 586 1636 lat
612 1592 753 1637 dedit
774 1592 1074 1634 Bonauentura
1100 1592 1345 1653 Vulcanius,

84 1657 204 1704 inter
230 1659 513 1717 gothicarum
540 1672 691 1702 rerum
717 1659 958 1719 scriptores
972 1657 1114 1718 Lugd.
1134 1662 1176 1704 Β.
1198 1675 1344 1720 1597.

92 1728 234 1781 1617.
273 1731 315 1775 8.
349 1750 404 1757 —
475 1728 691 1769 Arcanam
724 1725 974 1783 historiam,
1022 1729 1068 1770 in
1100 1729 1219 1771 notis
1247 1720 1351 1785 ple-'

85 1779 277 1850 rumque
324 1789 516 1836 falfitatis
558 1792 830 1847 conuictam,
888 1793 1115 1850 separatim
1156 1796 1343 1851 prodire

84 1855 203 1905 inffit
233 1858 290 1903 Io.
315 1854 537 1914 Hebenus,
572 1858 807 1905 Helmstad.
840 1862 975 1918 1654>
1000 1876 1044 1917 4.
1073 1863 1119 1904 in
1140 1861 1340 1922 linguam
1419 1860 1423 1865 ’

84 1941 195 1972 vero
221 1926 484 1973 theotiscam
509 1926 736 1973 transtulit
755 1927 789 1972 I.
820 1926 947 1973 Paul.
970 1924 1203 1979 Reinhard
1222 1930 1340 1979 Prof.

0 2044 2 2047 y
82 1992 193 2038 olim
208 1992 459 2053 Erlangens.
491 1994 704 2056 Erlangae
737 2008 875 2055 ¹753·
905 2001 947 2048 8.
968 2021 1023 2029 —-
1097 1995 1342 2044 Verterunt

85 2059 253 2122 anglice
265 2060 527 2105 librosVIIi.
549 2061 696 2106 histor.
713 2061 768 2108 H.
785 2058 991 2118 Holcroft.
1028 2061 1169 2108 Lond.
1196 2066 1337 2125 1653.

84 2150 143 2161 -
164 2125 320 2188 gallice
342 2128 432 2171 duo
457 2130 627 2185 priores
652 2128 751 2173 libr.
773 2131 829 2174 de
846 2133 872 2174 Β
901 2130 1103 2190 gothico,
1128 2130 1238 2175 Guil.
1258 2133 1339 2174 Ρα-

84 2192 282 2253 rudinus,
309 2193 450 2255 Lugd.
477 2204 608 2253 1578.
628 2202 669 2248 8.
703 2220 754 2229 ·-
790 2196 933 2241 libros(
947 2199 1060 2241 Vm.
1082 2197 1171 2244 hist.
1194 2207 1240 2243 et
1266 2200 1337 2245 sex

85 2264 143 2308 de
165 2260 370 2308 aedificiis
397 2261 639 2316 Iustiniani,
674 2263 900 2317 Fumanus,
937 2266 1063 2312 Paris.
1095 2273 1235 2322 1587.
1257 2268 1335 2312 fol.

85 2352 152 2365 ·-
187 2329 327 2372 italice
349 2330 432 2373 libr
472 2332 541 2383 ΙΙΙ,
566 2332 621 2374 de
648 2332 690 2376 B.
715 2331 930 2391 gothico,
965 2346 1018 2376 cx
1039 2331 1240 2377 verfione
1261 2336 1336 2381 lat.

86 2396 254 2442 Bened.
302 2399 412 2456 Egio
452 2398 506 2441 da
536 2397 705 2455 Spoleti
749 2402 906 2444 Venet.
947 2413 962 2443 1
979 2414 1085 2457 544.
1120 2408 1142 2452 8
1194 2403 1248 2444 de
1288 2405 1334 2446 Β.

89 2473 245 2508 contra
275 2465 418 2508 Persas
444 2464 518 2513 lib.
552 2467 602 2512 11.
629 2475 675 2512 et
696 2475 851 2512 contra
880 2465 1127 2524 VandaIOS,
1166 2468 1261 2512 libr.
1283 2470 1335 2513 Π.

87 2531 210 2576 idem
244 2532 349 2580 ibid.
381 2546 526 2593 1547:
545 2539 588 2587 8.
609 2558 667 2568 —-—
716 2537 774 2578 de
803 2534 1008 2581 aedificiis
1030 2531 1271 2587 iustiniani,
1307 2551 1334 2582 e

146 2608 249 2669 Toup
271 2607 324 2649 11.
739 2603 812 2650 Ee
921 2602 924 2603 ⁷
1174 2618 1336 2666 graeco
