1686 3025
229 243 321 300 198
454 308 459 309 ἶ
526 214 528 217 ’
695 236 998 284 ‘LVCIANVS.

225 362 302 410 IV
328 360 495 408 volum.
523 390 581 401 ..-
647 360 818 422 Anglice
837 363 959 408 versa
989 363 1091 410 sunt
1123 380 1227 426 opp.
1246 364 1430 413 Luciani
1463 383 1487 412 a

238 426 382 477 Thom
412 427 644 482 Franklin
670 431 786 476 Prof.
818 446 883 491 gr.
917 429 1094 491 linguae
1126 433 1173 478 in
1202 434 1488 480 vniuerfitate

232 497 486 557 Cambridg.
527 502 667 554 1780
704 511 753 556 4.
791 496 984 544 11.v011.
1020 528 1077 541 --
1110 499 1275 561 dlalogi
1316 500 1488 563 anglice

230 562 443 610 v.ersiaI
470 564 596 608 Carr.
621 562 714 609 vol
746 566 821 611 III.
861 565 1002 623 1786
1032 582 1074 613 v.
1100 567 1281 614 Critical
1306 571 1490 616 Review

231 646 270 675 a.
301 631 439 687 1786
462 632 541 678 VI.
564 644 679 689 470.
700 631 991 677 Gentlemans
999 632 1247 705 Magazine
1273 651 1309 682 a.
1342 635 1490 693 1786.

231 698 309 744 XI
334 711 446 754 974.
467 726 524 739 -
594 697 782 744 Gallicae
805 687 1030 748 versiones
1063 704 1339 749 recentiores
1362 703 1491 748 sunt.

232 766 434 809 Oeuvres
467 766 525 810 de
556 764 751 820 Lucien,
795 768 1047 815 tradudiion
1075 768 1284 816 nouvelle
1313 785 1390 828 par
1425 772 1494 817 Μ..

233 831 264 876 l'
286 831 415 878 Abbe
451 829 634 890 Maffeu.
667 834 797 879 Paris.
831 843 944 881 tom.
973 835 1166 881 1-111,
1204 844 1345 896 1781.
1377 844 1495 884 tom.

232 898 478 948 IV-VL
510 907 653 958 1787.
690 907 732 953 8.
764 903 879 959 apud
902 904 1132 950 Moutard.
1167 932 1224 945 --
1291 901 1495 951 Oeuvree

139 962 147 969 ’
231 967 292 1012 de
312 966 497 1021 Lucien‚
535 969 752 1013 traduites
768 971 836 1014 'du
863 972 991 1022 Grec,
1026 969 1094 1028 (n.
1118 986 1156 1016 a.
1178 968 1300 1014 Belin
1315 967 1374 1014 du
1394 968 1494 1019 Bal.

233 1033 313 1091 Iu‚)
349 1036 389 1078 d'
413 1050 538 1093 apres
559 1050 648 1080 une
672 1037 802 1093 copie
826 1033 989 1088 verifie',
1027 1040 1095 1093 (n.
1122 1039 1191 1082 ed.
1207 1037 1326 1086 ssafil.
1351 1052 1495 1098 1555.

232 1116 430 1160 compar.
461 1117 562 1147 cum
593 1102 800 1160 exemplo
830 1102 1024 1162 Reitzii,)
1061 1112 1108 1151 et
1152 1121 1287 1153 revue
1329 1107 1399 1153 sur
1437 1105 1495 1151 fix

231 1170 356 1217 MSS.
386 1169 501 1212 dela
526 1168 632 1215 Bibl.
661 1169 830 1222 duffii,
865 1185 968 1214 avec
992 1171 1070 1214 des
1084 1180 1217 1216 notes
1230 1171 1495 1230 historiques

234 1244 284 1281 et
302 1234 557 1288 litteraires,
589 1241 639 1281 et
661 1236 717 1280 de
746 1251 998 1295 remarques
1023 1239 1122 1284 crit.
1148 1238 1218 1282 sur
1240 1237 1281 1282 le
1303 1247 1399 1285 text
1437 1240 1496 1285 de

235 1310 311 1347 cet
331 1305 514 1349 Auteur.
541 1303 673 1348 Paris.
696 1304 771 1347 VI.
799 1303 908 1351 voll.
938 1303 1064 1362 1786
1089 1332 1146 1345 --
1176 1311 1372 1365 1789.8.
1395 1307 1497 1354 mai.

230 1368 561 1427 opusculorum
593 1371 824 1427 ordinem,
871 1373 946 1428 qui
981 1370 1041 1415 est
1076 1374 1123 1416 in
1155 1373 1225 1420 ed.
1258 1375 1497 1426 Reitziana‚

233 1437 440 1482 mutauit.
463 1439 581 1483 conf.
617 1438 794 1495 ephem.
831 1439 1026 1486 Gothan.
1073 1438 1162 1485 litt·
1205 1451 1345 1499 1790.
1381 1439 1495 1502 plag.

239 1517 316 1561 15.
351 1513 398 1548 et
435 1510 578 1562 1789.
606 1502 721 1564 plag.
748 1518 823 1562 17.
845 1515 989 1554 exter.
1017 1505 1325 1566 litteraturae,
1361 1502 1505 1566 atque

233 1572 330 1621 Ien.
355 1570 547 1630 Aligem.
573 1569 680 1617 Litt.
706 1574 816 1620 Zeit.
852 1587 990 1631 ¹790·
1013 1590 1072 1620 m.
1096 1577 1209 1633 Aug.
1234 1591 1276 1618 n.
1308 1589 1418 1632 250.
1438 1603 1496 1617 -.

233 1640 424 1683 Extraits
447 1639 504 1683 de
525 1637 680 1683 Lucien
702 1647 748 1682 et
776 1640 832 1682 de
852 1641 1124 1697 Xenophon,
1142 1656 1244 1687 avec
1256 1642 1332 1688 des
1346 1650 1497 1698 notes,

233 1721 315 1764 par
336 1708 418 1749 Nlr.
452 1704 481 1749 l'
505 1701 631 1750 Abbe?
661 1703 775 1756 Gail,
810 1706 1008 1752 Docieur
1043 1705 1207 1767 agregel
1237 1710 1293 1752 de
1329 1707 1356 1753 l'
1387 1709 1497 1754 Vni·

231 1768 410 1818 uerfite‘.
435 1774 531 1817 Par.
560 1773 695 1828 1786.
717 1773 815 1817 mai.
843 1785 914 1818 12.
941 1782 988 1819 et
1008 1776 1197 1819 Extraits
1233 1774 1290 1819 de
1311 1773 1419 1821 Luc.
1447 1783 1498 1825 et

235 1839 297 1884 de
317 1842 433 1885 Xen.
457 1839 641 1885 traduits
665 1855 742 1897 par
765 1841 818 1886 M.
842 1839 870 1885 l'
895 1837 1026 1891 Abbe?
1042 1839 1223 1888 Gail.ib.
1245 1843 1348 1889 eod.
1361 1858 1496 1888 anno,

232 1909 287 1954 In
323 1909 473 1964 priore
510 1905 662 1952 libello
698 1906 759 1952 est
793 1923 817 1951 e
840 1905 1035 1952 Luciano
1069 1909 1288 1955 somnium
1318 1917 1365 1958 et:
1385 1909 1499 1959 Cha-

235 1989 351 2031 ron,
388 1973 572 2034 graece‘,
606 1989 707 2020 curn
730 1976 848 2020 notis
871 1973 1091 2030 analytico
1123 1999 1166 2011 -·
1204 1979 1496 2037 grammaticis

234 2040 498 2100 puerilibus,
535 2040 754 2089 Charonti
773 2042 918 2087 addita
941 2041 1002 2088 est
1031 2044 1242 2100 particula
1283 2043 1499 2102 colloquii

235 2111 356 2153 inter
391 2106 605 2153 Solonem
646 2117 693 2154 et
733 2108 949 2155 Croesum
985 2126 1038 2154 ex
1073 2112 1311 2156 Herodoto
1351 2111 1426 2158 lib.
1462 2112 1498 2158 Ι.

237 2191 361 2233 capp.
389 2190 448 2235 30
470 2183 518 2220 et
543 2189 619 2235 31.
650 2174 869 2221 Posterior
905 2176 982 2226 lib.
1013 2180 1222 2226 continet
1248 2176 1498 2228 versionem

235 2243 450 2304 gallicam,
475 2242 1097 2290 libellorummemoratorum
1120 2255 1167 2292 et
1200 2248 1398 2291 omnium
1431 2246 1499 2289 di·-

237 2310 493 2369 alogorum,
517 2313 591 2368 qui
614 2312 1022 2370 mortuiinscriptis
1020 2321 1114 2358 unt.
1182 2310 1500 2361 Verfiouisunt

238 2377 456 2422 subieciae
490 2377 912 2436 animaduersiones,
952 2379 1172 2429 historiam
1197 2390 1244 2426 et
1267 2379 1498 2442 mytholo-

240 2446 281 2509 3
274 2459 356 2491 am
379 2444 661 2506 explicantes.

1413 2575 1499 2629 Lu·
