1686 3025
263 240 296 290 :3
310 239 366 292 321
398 258 406 271 Ι
707 226 1086 277 ΤΗΕΜῙΒΤΜ.

258 367 456 402 monem
500 351 742 402 conuersae
787 353 992 414 aKGeQrg.
1023 353 1173 418 me,
1209 357 1324 417 Aug.
1351 354 1530 404 Vindel.

262 426 350 469 ·Ict.
379 436 480 466 cum
511 421 711 469 eiusdem
744 423 864 465 notis
895 446 912 456 -
942 421 1181 468 adiecimus
1211 432 1260 468 et
1298 424 1532 480 septimam

261 488 496 538 Themistii
529 490 724 536 oration.
759 489 814 534 ad
847 489 1023 537 Valent.
1056 490 1165 550 Imp,
1208 506 1291 549 pro
1320 491 1531 536 libertate
1555 512 1561 523 »
1583 546 1601 555 f

259 560 512 619 religionis,
544 559 695 604 latine.
731 559 980 617 Ambergae
1014 559 1147 605 Palat.
1179 561 1298 618 typis
1334 558 1534 605 Schoen-
1612 597 1625 617 -,

263 629 404 677 feldii.
439 631 575 685 1605.
595 641 642 684 4.
715 626 953 672 Orationes
975 629 1090 674 XIV.
1115 627 1272 672 harum
1291 628 1362 672 sex
1382 626 1531 684 poste·-
1606 670 1610 671 γ

261 700 404 741 riores
426 712 589 750 nouae,
614 702 792 739 ceterae
818 695 1405 753 emendatioresiprodeunss
1426 709 1529 742 cum

256 763 394 811 latina
426 763 830 821 interpretatione,
875 763 992 820 apud
1014 759 1358 824 HStephanmn,
1390 764 1529 820 1562.

262 839 308 885 8.
342 856 410 868 -—-
479 833 720 878 Orationes
747 829 919 889 aliquot
939 847 1035 877 non
1050 832 1218 887 editae„
1227 846 1402 892 graece,
1425 844 1528 875 cum

255 902 639 958 interpretatione
663 898 846 941 Pantinz·
885 908 934 944 et
964 898 1048 943 viri
1082 900 1248 944 eruditi
1280 898 1374 956 (qui
1407 899 1525 945 Dan.

255 967 465 1016 Heinsius
489 964 614 1013 fuiffe
638 967 840 1022 dicitur‚)
879 967 1016 1012 notis.
1048 965 1258 1026 Lugduni
1271 967 1524 1023 Bat.{16140

259 1043 306 1089 8.
340 1037 416 1081 sed
439 1037 552 1080 duae
582 1037 755 1092 priores
778 1035 864 1077 iam
884 1041 1015 1079 antea
1039 1037 1218 1079 fuerant
1248 1033 1445 1080 excusae.
1470 1054 1524 1066 -

246 1103 462 1147 -Petam'us
485 1104 628 1146 edidit
662 1103 797 1146 XVII.
832 1110 969 1145 oratt.
998 1103 1118 1145 inter
1150 1117 1255 1158 qua}
1288 1102 1435 1147 oratio
1468 1097 1524 1144 26

251 1173 341 1216 sec.
368 1171 590 1214 Harduini
625 1169 735 1210 edit.
776 1168 981 1210 nondum
1011 1169 1156 1211 fuerat
1185 1169 1306 1227 typis
1330 1166 1525 1226 vulgata,

255 1239 333 1283 6ta
359 1247 512 1292 autem
534 1243 666 1280 antea
692 1234 768 1276 sub
794 1232 959 1293 Synefii
993 1236 1180 1279 nomine
1219 1250 1242 1278 a
1273 1234 1392 1286 Frid.
1423 1236 1524 1278 Nlo-

250 1304 384 1350 rellio
404 1303 535 1348 Paris.
572 1299 713 1358 1604.
749 1301 1042 1359 8.pnblicata.
1081 1328 1141 1338 --
1210 1301 1310 1346 Post
1333 1317 1384 1345 ea
1399 1300 1522 1347 idem

249 1373 458 1417 Petauius
493 1371 722 1416 orationes
757 1370 881 1422 XIX,
915 1379 1146 1428 quotquot
1177 1379 1285 1416 tunc
1315 1371 1524 1430 cognitae

248 1446 454 1494 fuerunt,
498 1454 566 1501 gr.
590 1446 638 1483 et
656 1437 733 1482 lat.
757 1452 859 1483 cum
882 1437 964 1482 suis
995 1440 1116 1483 notis
1149 1448 1283 1499 atque
1311 1438 1521 1496 emenda-
1600 1444 1604 1445 ⁷

248 1510 478 1558 tionibus,
513 1507 568 1555 ad
589 1504 754 1550 calcem
777 1514 1015 1550 contextus
1053 1505 1204 1563 positis
1222 1539 1234 1560 ,
1281 1506 1422 1558 edidit
1444 1508 1520 1549 Pa.

247 1580 322 1622 ris.
352 1578 494 1628 1618.
528 1589 577 1633 4.
614 1571 844 1618 Praemisit
873 1576 970 1618 Pet.
1003 1576 1310 1620 narrationem
1338 1575 1396 1623 de
1431 1575 1538 1621 vita*

237 1643 477 1693 Themistii
501 1651 549 1687 et
574 1650 781 1686 veterum
805 1640 1102 1698 quorumdam
1126 1644 1183 1686 de
1211 1641 1290 1686 illo
1314 1640 1518 1689 testimo-

243 1715 334 1757 nia.
402 1707 598 1753 Andreas
629 1704 867 1750 Dudithius
908 1707 1046 1753 latine
1091 1716 1288 1756 verterat
1322 1711 1520 1756 oration.

243 1782 342 1826 XII.
366 1781 413 1822 in
435 1777 655 1823 Harduini
678 1776 898 1828 editione,
933 1791 1120 1833 eamque
1133 1775 1382 1822 versionem
1396 1777 1518 1820 adie-

240 1857 369 1892 cerat
392 1847 597 1905 Georgius
616 1843 773 1885 Remus
801 1851 848 1888 et
873 1843 1065 1892 editioni
1081 1844 1313 1889 Themistii
1329 1859 1517 1904 graeco·

243 1915 424 1968 latinae,
461 1922 508 1957 et
528 1909 719 1956 versioni
739 1910 816 1955 lat.
849 1911 922 1953 sex
958 1913 1216 1956 orationum
1247 1914 1299 1957 ab
1329 1915 1390 1959 H.
1417 1913 1513 1957 Ste-

236 1984 396 2041 -phano
422 1978 769 2039 publicatarum,
805 1979 882 2022 sub
908 1977 1046 2023 titulo
1081 1976 1326 2037 Thesaurus
1344 1981 1514 2042 princi-

232 2063 342 2114 pum
377 2041 467 2094 etc.
506 2049 705 2092 Francof.
750 2046 887 2103 1614.
916 2061 965 2103 4.
1006 2070 1074 2083 ——·
1118 2046 1333 2102 Ριῑΐιῑιιὴιτι
1356 2049 1511 2108 igitur,

230 2134 355 2171 eam,
381 2117 503 2175 qnod
514 2130 608 2158 non
621 2115 771 2171 putuit
802 2129 962 2173 graece
985 2117 1199 2172 reperire,
1230 2131 1390 2176 graece
1413 2116 1513 2160 red-

238 2188 376 2243 didit,
409 2181 655 2233 Themistii,
692 2183 838 2239 quoad
868 2185 1011 2226 facere
1034 2185 1200 2240 potuit,
1236 2182 1382 2232 stilum
1413 2184 1510 2231 imi·

240 2265 377 2311 tatus,
407 2268 504 2313 pag.
529 2264 626 2308 497
642 2250 734 2308 sqq.
782 2249 993 2298 *Plurima
1006 2266 1059 2294 ex
1073 2253 1301 2297 orat.'XII.
1323 2265 1392 2308 ap.
1428 2253 1510 2294 Pe.-

241 2330 330 2371 tau.
355 2336 468 2381 quae
499 2319 700 2364 eiusdem
733 2316 863 2375 plane
900 2320 1156 2379 argumenti
1194 2318 1276 2372 est,
1313 2312 1509 2376 repetita

237 2390 358 2438 sunt.
423 2387 628 2434 Petanius
653 2395 806 2431 tamen
826 2387 872 2429 in
891 2388 1010 2432 notis
1048 2401 1146 2446 pag.
1183 2399 1276 2443 722
1316 2386 1377 2446 sq.
1400 2402 1508 2431 con·
1534 2401 1539 2404 ·

234 2458 360 2510 ficit,
405 2456 591 2501 alteram
615 2453 957 2498 istamiouiano
993 2455 1143 2511 potius
1182 2455 1508 2504 inscribendam

239 2521 353 2585 effe,
389 2539 521 2591 quam
552 2521 729 2569 Valenti
762 2522 1043 2585 imperatori.
1075 2545 1151 2586 ⁵—-
1219 2522 1342 2568 Illam
1377 2537 1506 2588 grae-

1408 2604 1503 2640 cum
1550 2621 1555 2626 .
1615 2583 1644 2632 ··’.
