1686 3025
574 288 962 345 ‘HERODIANVS
1298 292 1394 354 265

146 442 244 486 pars
273 425 448 470 maioris
475 424 620 482 operis
645 431 720 468 aut
747 420 939 481 plurium
963 419 1277 480 opusculorum
1299 422 1398 479 post

146 495 334 552 primam
359 494 467 538 edit.
492 507 607 535 anno
643 490 720 534 suo
757 488 967 552 signatam
996 489 1285 551 vulgatorumf
1309 486 1398 534 ess'e

146 562 338 607 videtur.
407 563 520 606 Nam
557 560 746 615 primum
778 557 851 602 fol*
880 560 924 601 in
958 556 1106 602 infima
1152 559 1310 618 pagina
1350 556 1400 601 fi-

149 639 381 688 gnaturam
405 620 450 670 L.
475 637 522 672 et
543 625 695 670 Vltima
723 625 828 671 folia
868 626 919 670 R.
955 626 1135 672 habent.
1171 625 1402 684 splendidi

148 697 370 754 nitidique
392 693 580 752 exempli
606 693 722 750 Opp.
761 691 980 747 Pontiani,
1015 696 1176 740 Venet.
1203 710 1270 751 ap.
1301 691 1402 739 Ald.

155 777 243 822 149
255 772 294 813 8.
322 761 398 807 fol.
423 770 471 809 et
487 759 697 806 versionis
723 761 896 807 Herod.
918 755 1171 806 vberiorem
1195 762 1405 808 notitiam

150 832 276 875 dedit
297 831 482 890 Freytag
504 831 550 873 in
573 830 721 886 adpar.
747 827 833 873 litt.
856 827 885 874 l.
911 844 954 885 p,
982 830 1085 873 666.
1123 831 1215 887 sqq.
1285 832 1406 878 Tum

149 898 404 947 subdubito,
436 912 543 940 num
562 911 742 956 graecus
768 895 841 938 ille
866 904 1012 941 textus
1045 897 1097 940 ad
1129 904 1242 940 rom.
1276 897 1408 942 editi-

150 980 285 1008 onem
308 966 551 1020 pertineat:
586 973 720 1020 atque
745 976 929 1015 vereor,
964 978 1020 1006 ne
1046 963 1152 1007 solia
1178 971 1324 1008 textus
1338 979 1408 1024 gr.

151 1046 204 1075 ex
227 1031 312 1077 alio
340 1029 544 1088 exemplo
565 1038 698 1087 atque
732 1028 812 1074 alia
853 1030 1053 1075 editione
1077 1030 1234 1075 abscisa
1265 1029 1412 1085 alteri,

149 1100 214 1144 vti
237 1100 418 1156 putabat
442 1100 610 1142 wiittar.
635 1097 824 1141 editioni
846 1099 978 1143 fuerit
998 1096 1198 1155 praefixa.
1251 1099 1410 1156 Neque

150 1162 409 1222 Audifredns
437 1166 619 1224 quidem
641 1165 687 1209 in
712 1164 835 1218 catal.
857 1166 1171 1211 editt.roman.
1194 1165 1413 1212 saec.XV.

152 1249 253 1294 pag.
293 1247 402 1292 325,
445 1235 518 1291 vbi
553 1234 624 1278 ed.
661 1248 700 1278 a.
751 1245 891 1291 1493.
932 1233 1215 1287 recensetur,
1261 1249 1411 1291 neque

151 1297 298 1356 Foffi'cts
319 1303 365 1344 in
391 1300 515 1345 catal.
538 1298 642 1344 bibl.
672 1297 958 1360 Nlagliabeck.
989 1308 1096 1345 tom.
1129 1303 1161 1344 Ι.
1188 1300 1272 1345 col.
1297 1303 1412 1356 766.

152 1369 247 1426 sqq.
274 1369 346 1412 vbi
373 1369 528 1412 eadem
552 1376 599 1412 et:
614 1367 916 1411 Bononienses
937 1368 1158 1412 editiones
1193 1366 1412 1426 copiosius

154 1437 424 1492 indicantur,
458 1431 664 1496 duplicem
690 1433 813 1479 istam
837 1435 943 1481 edit.
954 1436 1100 1480 multo
1124 1437 1267 1484 minus
1291 1437 1416 1480 addi-

155 1512 254 1547 tum
277 1511 453 1547 textum
486 1517 552 1562 gr.
583 1502 844 1562 agnoscunt.
913 1505 1071 1559 Neque
1096 1511 1339 1548 occurrunt
1364 1505 1416 1548 in

156 1569 281 1615 catal.
306 1569 476 1622 Finem,
512 1570 607 1623 (vbi
632 1567 780 1625 plures
803 1569 906 1613 edd.
931 1570 1181 1614 indicantur
1211 1579 1324 1615 tom.
1351 1572 1411 1618 ΙΙ.

156 1653 199 1695 p.
237 1651 311 1696 35.
343 1635 425 1693 sq.)
457 1643 504 1681 et
531 1636 808 1680 Haarwodio
835 1657 867 1668 -
892 1636 1134 1681 Pinelliano
1173 1637 1412 1695 conspetffil

156 1704 258 1748 edd.
280 1718 345 1762 gr.
370 1718 432 1746 ac.
455 1701 529 1747 lat.
542 1716 690 1758 neque
711 1703 827 1758 apud
852 1703 1124 1747 Maittarium
1146 1706 1192 1747 in
1216 1704 1416 1761 aliisque,

158 1786 269 1829 quos
302 1767 524 1820 consului,
567 1768 688 1813 libris
720 1777 890 1812 certam
923 1769 1202 1830 deprehendi
1233 1771 1419 1829 duplicis

155 1853 272 1883 rom.
304 1837 513 1882 editionis
535 1837 703 1881 nedum
735 1834 865 1889 illius,
900 1838 970 1880 cui
1002 1837 1218 1894 praefixus
1254 1839 1418 1884 dicitur

156 1913 308 1952 textus
333 1919 530 1964 graectiS‚
558 1904 778 1950 notitiam.
817 1904 936 1954 Quid
965 1906 1071 1962 quid
1095 1906 1170 1960 est,
1207 1905 1422 1951 Politiani

157 1971 302 2017 versio
324 1988 418 2016 non
436 1970 580 2016 multo
608 1969 703 2028 post
731 1971 880 2015 recusa
903 1970 963 2016 est
983 1971 1195 2016 Bononiae
1222 1989 1301 2031 per
1327 1973 1421 2019 Pla-

159 2048 320 2087 tonem
338 2040 395 2083 de
419 2038 664 2084 Benedid’tis
694 2051 833 2097 1493.
860 2037 991 2096 fol.*)
1029 2049 1074 2085 et
1094 2037 1251 2085 ibidem
1266 2037 1423 2084 eodem-

158 2097 370 2170 quesslnno
396 2121 476 2163 per
498 2104 763 2151 Bazalerium
789 2106 845 2151 de
869 2106 1108 2155 Bazaleriis,
1143 2123 1191 2166 4.
1223 2132 1289 2142 —
1342 2112 1425 2154 Ea-

159 2173 267 2220 dem
302 2171 459 2230 verfio,
501 2174 570 2217 cui
604 2173 823 2218 accedunt
858 2171 979 2218 Sexti
1015 2176 1182 2221 Aurelii
1213 2176 1422 2230 Vidioris,

158 2242 374 2305 Eutropii,
393 2249 443 2284 et
460 2239 577 2283 Pauli
602 2241 788 2284 Diaconi
813 2239 1032 2296 historiae,
1059 2243 1259 2296 Florent,
1277 2254 1426 2303 'opera

165 2319 210 2355 et
230 2309 373 2354 sumtu
393 2306 500 2352 Phil.
525 2309 693 2352 Iuntae.
723 2316 861 2365 1517.
884 2321 1019 2353 mens.
1047 2313 1178 2356 Mart.
1200 2312 1246 2355 in
1273 2317 1314 2363 8.
1372 2310 1426 2357 In

167 2375 290 2424 catal.
326 2374 433 2423 bibl.
463 2372 675 2439 Menkeu.
711 2376 744 2420 J.
776 2391 876 2436 pag.
915 2390 1004 2436 139
1041 2378 1205 2424 dicitur
1244 2392 1428 2439 graecus·

765 2445 802 2488 R
839 2456 863 2502 5
1276 2455 1428 2493 textus

153 2528 160 2531 i
223 2550 261 2598 '‘)
294 2552 404 2594 Conf.
426 2551 477 2590 clu
504 2551 601 2590 Bure
627 2552 805 2604 bibliogr.
835 2553 1003 2596 instrust.
1022 2555 1200 2603 Histoire,
1216 2555 1315 2597 ‘tom
1339 2564 1368 2599 1.
1389 2572 1430 2611 p,

279 2610 386 2705 203}
398 2610 450 2661 sq.
491 2606 638 2650 Goetzii
659 2622 821 2665 mernor.
845 2608 937 2655 bibl.
959 2615 1162 2655 Dresdens·
1184 2620 1276 2658 tom.
1296 2619 1364 2658 111.
1387 2630 1430 2671 p,

136 2676 137 2680 ’
190 2707 195 2711 ,
309 2674 347 2711 7·
383 2677 422 2716 q·

1634 2502 1686 2584 f
