1727 3005
327 279 422 328 124
521 265 702 339 TIBER.
723 262 920 312 CLAVD.
945 263 1136 312 ATTJC.
1169 239 1380 315 timon.

327 396 471 450 1289.
504 413 572 424 —-
639 387 854 447 Opuscula
880 404 1038 449 graece
1066 398 1114 436 et
1132 388 1572 437 latineerecenfiono

322 458 388 504 Io.
420 456 603 503 Meurfii
631 453 909 502 'accesserunt
931 458 1133 511 eiusdem
1154 466 1202 505 et
1223 458 1340 505 Guil.
1358 458 1573 517 Xylandri
1597 470 1601 471 ’

319 525 607 571 animaduers.
632 533 765 581 atque
789 521 854 570 Io.
876 527 1108 570 Nleibomii
1133 526 1189 570 de
1221 521 1448 586 longaeuis
1479 528 1573 584 epi-

319 592 442 643 stola,
480 595 643 637 iterum
667 592 823 649 edidit,
855 593 1144 639 animaduers.
1174 593 1433 653 iudicesque
1460 593 1575 652 (am-

318 659 507 718 pliores)
541 660 702 704 adiecit
729 657 766 704 I.
792 660 862 704 Ge.
884 660 1043 702 Franz.
1069 660 1207 706 Halae
1250 673 1390 720 1775.
1430 666 1474 713 8.
1503 682 1581 698 —--

318 730 634 786 Fragmentum
666 728 722 772 de
747 726 987 786 Olympiis,
1011 743 1170 789 graece
1188 759 1200 783 ‚
1231 742 1333 773 cum
1362 729 1572 786 Pindaro,
1618 754 1623 761 ·
1652 770 1659 785 ,
1690 760 1699 768 ι

317 794 465 842 Oxon.
492 796 628 853 1697.
652 793 728 841 fol.

411 889 459 939 5.
498 882 631 928 Conf.
667 876 862 924 Fabricii
894 884 942 927 B.
976 883 1052 928 Gr.
1085 881 1186 928 Vol.
1215 880 1289 928 ΙΙΙ.
1323 897 1424 945 pag.
1461 894 1571 943 397.

314 944 597 1010 Hambergeri
623 948 796 998 Zuverl.
817 949 979 1000 Nachr.
1001 949 1102 998 Vol.
1126 951 1178 995 ΙΙ.
1199 965 1298 1011 pag.
1324 961 1438 1010 305.

345 1170 606 1245 Tlssl-:mvs
639 1088 928 1218 CLAVDiVs
950 1097 1216 1219 4ιΐΤΤΙΕΣῖῙὸ
1250 1173 1536 1220 HERODES.
1622 1164 1628 1165 7

420 1296 459 1328 1.
491 1281 663 1329 Floruit
688 1286 740 1328 A.
766 1285 820 1332 C.
850 1298 953 1345 143.
986 1293 1033 1330 et
1053 1287 1102 1330 A.
1128 1285 1180 1330 C.
1215 1298 1319 1341 175.
1341 1286 1445 1328 tabe
1465 1298 1570 1327 con·
1664 1283 1672 1292 '

311 1350 451 1397 fedius
480 1350 746 1402 Marathone
779 1353 828 1397 in
863 1354 1004 1415 patria
1036 1366 1154 1399 anno
1190 1350 1345 1399 aetatis
1376 1348 1568 1395 LXXVI.

308 1420 439 1468 obsta

379 1518 455 1548 ’2,
488 1503 765 1551 Atheniensis
808 1521 862 1551 ex
906 1521 1022 1568 pago
1063 1504 1369 1561 Marathoni0;
1429 1506 1566 1567 gratia

306 1566 464 1618 floruit
489 1575 829 1631 Imperatorum,
861 1573 1197 1618 Antoninorum
1224 1584 1314 1618 tam
1339 1575 1417 1631 pii,
1433 1589 1564 1631 quam

307 1639 589 1699 philosophi,
624 1650 671 1685 et
694 1639 827 1693 Veri,
860 1655 1017 1698 quem,
1052 1639 1163 1685 teste
1183 1639 1463 1697 Capitolino,
1490 1639 1564 1685 lit·

305 1708 414 1752 teris
437 1709 602 1767 graecis
626 1707 836 1752 erudiuit.
908 1708 1097 1755 Criticos
1121 1716 1165 1752 et
1179 1705 1466 1767 philosophos
1479 1723 1563 1752 no·

306 1771 531 1821 biliffimos
558 1775 735 1820 audiuit.
805 1772 972 1820 Multos
1008 1775 1186 1832 quidem
1225 1774 1372 1821 nastus
1404 1772 1465 1818 est
1487 1775 1562 1820 ad-

304 1842 553 1899 uersarios3
588 1850 634 1886 at
667 1839 811 1886 multo
844 1840 991 1900 plures
1027 1841 1289 1899 discipulos,
1329 1843 1376 1884 in
1405 1840 1472 1884 his
1509 1841 1561 1888 A.

306 1908 513 1961 Gellium,
551 1910 626 1967 qui
653 1911 699 1953 in
723 1906 854 1955 Nost.
874 1909 1029 1954 Atticis
1060 1909 1257 1955 Herodis
1281 1909 1561 1955 mentionem

305 1978 409 2024 facit
433 1984 626 2035 gratam,
662 1985 709 2021 et
732 1977 929 2020 Marcum
950 1976 1168 2020 Antonin.
1191 1984 1323 2034 atque
1343 1974 1446 2022 Luc.
1473 1979 1559 2022 Ve-

302 2059 417 2096 rum,
454 2045 545 2101 qui,
576 2045 867 2101 imperatores
889 2042 1002 2100 faffl,
1034 2058 1136 2091 eum
1157 2052 1391 2093 ornarunt.
1420 2045 1558 2088 Variis

301 2111 466 2171 igitur,
523 2112 662 2169 iisque
693 2107 955 2168 amplissimis
993 2109 1164 2154 funetu's
1197 2110 1258 2154 est
1286 2113 1559 2170 muneribus,

301 2188 437 2236 atque
474 2177 523 2220 A.
551 2180 601 2224 C.
634 2189 739 2235 143.
782 2177 933 2222 consul
961 2180 1128 2222 Romae
1161 2179 1269 2227 fuit:
1307 2180 1558 2236 enimuero,

301 2244 562 2294 Philostrato
591 2247 810 2296 tradente,
845 2247 1031 2305 ingenio
1057 2248 1193 2306 magis
1219 2255 1267 2289 et
1281 2243 1555 2302 eloquentia,

302 2329 431 2371 quam
467 2312 698 2357 consulatu
728 2322 775 2358 et
808 2314 1025 2373 dignitate
1062 2322 1195 2373 atque
1228 2312 1416 2373 opibus,
1450 2328 1555 2372 quas

299 2379 454 2426 habuit
474 2377 761 2439 ampliffimas,
795 2381 963 2428 censeri
982 2379 1138 2429 voluit.

402 2481 444 2527 3.
467 2467 668 2525 Superest
690 2469 836 2512 oratio
862 2466 948 2511 siue
979 2465 1238 2512 declamatio
1271 2468 1328 2513 de
1359 2467 1555 2526 republi-

302 2549 366 2592 ca,
402 2549 486 2599 qua
506 2534 706 2582 suaderet
728 2534 965 2589 Thebanis,
1005 2541 1053 2584 vt
1073 2535 1331 2585 societatem
1355 2551 1455 2650 culm
1477 2535 1555 2581 Pe.

1415 2618 1554 2663 opon-
