1640 3030
503 257 621 303 PHO
631 257 770 304 TJVS.
1176 261 1272 323 463

27 385 142 447 566.
175 392 224 432 et
259 382 350 430 vol.
387 381 444 431 X.
475 399 575 444 pag.
606 386 717 440 23.)
748 388 796 429 et
823 379 980 427 clarius
1001 381 1197 431 ostendit
1219 385 1283 430 Io:

25 449 260 516 Chrtstoph.
293 449 391 495 Biel
414 449 733 495 Brunsuicenfis
747 452 793 494 in
818 449 999 508 epistola
1012 452 1068 496 de
1092 455 1279 513 Etymo·

25 522 178 584 logico
212 535 374 582 graeco
408 520 581 563 inedito
613 526 701 564 etc.
738 517 1066 576 Supplementis
1101 521 1155 566 ad
1183 529 1280 567 acta

28 591 192 636 erudit.
214 586 400 633 tom.V1.
417 587 522 631 sect.
536 588 610 632 VI.
624 599 675 641 17
691 598 761 635 17.
778 602 821 643 p.
848 599 871 627 2
883 600 958 647 53.
973 586 1066 645 sqq.
1080 595 1127 633 et
1142 588 1283 647 speci..

27 672 135 703 men
161 656 289 700 dedit
308 655 488 699 adiectis
509 653 898 698 emendationibus
920 661 1054 712 atque
1075 656 1282 701 obserua-

28 726 226 771 tionibus
240 724 462 779 denique:
485 738 528 780 p.
558 722 665 767 260.
682 722 882 774 coniicit,
915 722 1284 784 Etymologicum.

35 793 285 838 Gudianurn
310 788 445 833 simile
458 785 546 834 esse
560 787 850 848 Etymologico,
873 789 1002 846 quod
1019 789 1066 833 in
1091 789 1194 838 bibl.
1211 789 1286 834 Vl-

32 855 267 903 traiefiina
281 860 399 902 inter
415 859 525 903 MSS.
538 855 688 900 locum
700 856 850 901 habet.
865 856 996 902 Adde
1011 856 1044 903 Ι.
1059 857 1101 899 C.
1114 857 1288 901 Haren-

33 922 175 986 bergii
188 926 244 969 de
258 925 403 969 Photii
425 924 742 984 Etymologico
756 926 818 967 M.
846 923 1036 968 diatribe
1060 924 1287 981 epistolica

34 995 84 1039 in
99 991 372 1037 Bibliotheca
401 989 621 1034 Bremenfi
642 1004 774 1041 noua,
787 997 899 1033 tom.
922 989 952 1033 s.
980 987 1105 1035 claffe
1120 994 1171 1038 V.
1188 993 1292 1040 fasc.

35 1063 91 1107 11.
118 1060 230 1105 n.V.
252 1074 295 1117 p.
314 1070 418 1113 290.
436 1057 530 1115 sqq.
554 1065 601 1102 et
625 1057 740 1100 adde
758 1056 864 1099 ibid.
887 1063 998 1100 tom.
1012 1059 1147 1115 VI.p.
1180 1072 1296 1120 133.

0 1137 3 1142 “
34 1128 134 1186 sqq.
160 1135 208 1172 et
236 1131 346 1179 278.
370 1125 459 1183 sqq.
483 1121 814 1185 Kuhlenlzampii
835 1123 1071 1180 specimen,
1106 1127 1154 1170 in
1176 1134 1295 1175 tom.

35 1194 74 1240 I.
111 1197 157 1239 in
183 1192 437 1253 prolegom.
461 1207 575 1252 pag..
595 1197 618 1242 8
632 1204 669 1237 1.
689 1190 912 1246 laudatum
927 1224 940 1243 ,
970 1199 1018 1237 et
1037 1191 1219 1237 Saxium
1241 1197 1293 1242 in,

40 1263 129 1308 On.
173 1264 226 1306 ΙΙ.
260 1276 358 1320 pag.
400 1266 508 1319 159.
540 1258 634 1317 sqq.
657 1259 732 1319 qui
753 1256 866 1303 illius
890 1260 977 1304 fata
997 1266 1045 1306 et
1064 1258 1295 1311 historiam.

41 1344 97 1375 ex
134 1328 268 1373 osuit·
549 1330 555 1337 “

101 1346 129 1389 p
154 1393 364 1458 Apollonii
398 1392 685 1440 Alexandrini
714 1393 772 1439 de
791 1392 978 1455 syntaxi.
997 1417 1063 1430 --
1131 1398 1300 1447 Addita

44 1479 71 1509 e
104 1461 252 1509 Procli
285 1462 624 1507 chrestomathia
657 1463 965 1522 grammatica,
998 1460 1103 1508 Pho
1116 1467 1195 1508 tiz·
1227 1489 1300 1507 -—-·

42 1529 216 1585 Electa,
251 1532 305 1574 ab
334 1526 471 1575 Andr.
500 1527 663 1573 Schotto
685 1532 877 1588 primum
900 1531 1044 1586 edita,
1078 1531 1301 1582 latinitate

45 1599 213 1644 donata
243 1606 292 1643 et
321 1596 495 1642 scholiis
528 1596 765 1645 illustratat
809 1612 929 1642 nunc
959 1600 1126 1645 iterum
1158 1617 1182 1645 a
1206 1601 1301 1662 §jal-

45 1660 196 1726 burgio
228 1680 310 1714 ms.
335 1664 592 1722 exemplaris
617 1663 860 1710 collatione
878 1662 1026 1722 paffim
1050 1671 1303 1725 emendata,

47 1732 273 1791 suppleta,
331 1733 640 1777 notationibus
683 1740 823 1779 aucta.
857 1755 926 1767 ·--
1006 1737 1206 1784 Francof.
1241 1738 1303 1783 ad.

47 1803 205 1846 Moen.
251 1799 368 1857 apud
410 1799 551 1844 Andr.
585 1798 791 1843 Wecheli
824 1797 1036 1854 herede3‚
1087 1815 1226 1861 1590.
1252 1817 1306 1864 4.

48 1869 122 1913 De
143 1881 233 1926 quo
258 1862 376 1912 libro
400 1882 500 1912 raro
519 1883 560 1912 v.
572 1865 762 1926 Frejytag
783 1867 831 1911 in
851 1868 999 1927 adpar.
1022 1867 1164 1921 litter.
1186 1880 1306 1924 tom,

46 1936 104 1980 ΙΙ.
125 1950 226 1996 pag.
254 1935 367 1995 764.
391 1934 484 1993 sqq.

150 1998 297 2046 Photii
325 2000 584 2065 quaestiones
589 1998 853 2063 synodicas,
887 2002 965 2048 seu
987 2005 1310 2069 interrogatioss

56 2086 138 2116 nes
173 2071 331 2114 decem
367 2085 467 2114 cum
504 2071 700 2116 totidem
728 2069 1112 2128 responfionibuS,
1161 2078 1308 2124 edidit

55 2139 265 2196 notisque
304 2138 474 2190 doctis,
509 2152 620 2193 quae
654 2139 883 2182 maximam
910 2148 1084 2196 partem
1117 2142 1218 2189 sunt
1242 2144 1312 2188 hi·-

56 2205 219 2252 storico
247 2229 294 2239 -·
310 2203 634 2257 ecclesiasticae,
647 2204 877 2250 illustrauit
890 2203 1142 2264 Franciscus
1152 2211 1313 2254 Fonta-

59 2275 136 2326 m',
171 2270 469 2325 bibliothecae
501 2272 807 2316 Riccardianae
841 2276 1120 2334 praefecum,
1148 2279 1197 2321 in
1230 2279 1313 2323 No-

59 2341 129 2383 uis
160 2336 329 2395 deliciis
359 2336 648 2390 eruditorum,
685 2338 882 2384 Flore-nt.
921 2348 1059 2399 1785.
1097 2349 1138 2396 8,
1160 2345 1251 2392 vol,
1279 2348 1314 2393 1,

62 2408 254 2452 Fontani
291 2408 460 2464 reperit
498 2407 545 2450 in
588 2405 693 2452 bibl.
726 2407 1007 2452 Riccardiana
1043 2413 1317 2476 exemplum,

66 2473 288 2531 (Copiam
321 2476 502 2518 barbare
535 2474 751 2527 dicunt‚)
785 2475 885 2518 cod.
913 2478 1137 2530 Vaticani,
1185 2496 1208 2525 a
1232 2484 1312 2528 Vi.

65 2539 225 2603 gnoles
248 2556 349 2588 curn
359 2541 414 2593 ΙΙ,
440 2540 532 2588 aliis
553 2540 792 2590 conatum:
821 2551 1001 2602 praeter
1026 2561 1076 2590 ea
1097 2561 1120 2591 a
1141 2550 1321 2596 M‘dnte-

1264 2631 1318 2668 ἵ.
