1640 3030
559 262 893 317 SIMPLICIVS.
1265 280 1327 327 42
1335 275 1362 326 5

104 391 359 444 arbitratos,
397 389 719 444 Areobindum,
752 389 981 434 Persarum
1003 387 1201 448 legatum
1219 391 1364 435 duxis-

105 460 150 504 se
176 459 321 503 secum
332 459 601 517 Simplicium
622 461 675 503 ad
701 452 839 503 aulam
854 455 1088 502 Perficam:
1124 459 1177 501 ab
1199 473 1364 515 eopo-

106 528 195 571 tius
231 541 287 569 eo
319 527 498 572 dueum
522 524 644 571 fuisse
666 530 889 579 Vranum,
912 533 1183 585 nugatorem
1211 540 1366 583 quern-

111 594 239 645 dam,
278 596 352 652 qui
377 597 476 638 vani
506 595 767 653 indoctique
791 597 909 654 regis
936 595 1132 638 animum
1154 594 1270 638 adeo
1294 608 1368 638 ce-

107 657 259 719 pilset,
295 673 344 707 vt
377 662 447 706 hic
482 662 753 720 Simplicium
773 661 991 719 huiusque
1010 662 1202 711 amicos,
1235 671 1369 707 antea

108 731 168 772 ibi
207 739 537 783 commoratOS,
581 731 800 787 inciperet
834 730 1022 775 minoris
1048 732 1223 776 facere:
1259 729 1370 774 Sim-

108 796 290 854 plicium
329 798 466 857 igitur
504 800 619 843 vitae
646 795 836 854 perficae
858 797 1135 854 pertaesum,
1167 795 1372 842 Athenas

109 860 284 916 abiisse,
318 863 525 909 libertate
561 864 729 908 auxilio.
754 865 870 924 regis
913 860 1370 922 Chosroisconceffa,

108 931 262 986 ibique
282 939 335 977 ‘et
356 926 549 975 docuisse
573 930 913 988 philosophiam,
949 938 996 976 et
1020 932 1065 975 in
1090 930 1248 989 scripta
1270 932 1386 976 Ari-.

111 994 282 1042 stotelis
320 1000 690 1050 commentarios,
726 1012 921 1054 quorum
959 999 1145 1042 maxima
1183 1013 1280 1053 pars
1313 999 1367 1044 ad

109 1063 304 1110 nostram
325 1079 465 1122 vsque
487 1075 681 1109 aetatem
707 1065 943 1122 peruenit,
979 1060 1234 1110 conthciffe

216 1147 256 1190 3.
293 1132 500 1189 Simplicii
540 1133 850 1180 commentarii
888 1133 934 1175 in
977 1131 1080 1174 οέὶο
1120 1130 1384 1177 Aristotelis,

12 1262 13 1276 χ
69 1214 71 1216 ·
113 1197 315 1258 physicae
348 1199 679 1246 auscultationis
712 1198 874 1248 libros,
906 1213 1005 1242 cum
1027 1198 1124 1255 ipso
1152 1199 1372 1244 Aristote-

113 1265 166 1311 lis
188 1277 332 1320 textu,
350 1267 516 1315 Venet
542 1267 588 1309 in
611 1267 706 1310 aed.
731 1264 826 1310 Aldi
852 1274 923 1310 etc
957 1265 1091 1323 1526.
1117 1265 1195 1312 fol.
1207 1281 1370 1327 graece

127 1359 172 1367 -
208 1335 368 1387 iidem,
402 1333 539 1378 latine
573 1335 701 1377 Paris.
746 1346 886 1391 1544.
918 1332 997 1383 fol.
1030 1356 1097 1366 —
1143 1335 1190 1377 in
1213 1335 1387 1379 decerni

114 1402 467 1459 praedicamenta
480 1400 745 1458 'Aristoteli3,
767 1415 941 1460 graece,
966 1402 1181 1454 Venetiis,
1204 1402 1376 1459 impen-

117 1466 167 1515 sls
200 1470 295 1528 Nic.
334 1467 456 1513 Blasti
488 1466 739 1522 Cretenfis‚
775 1483 910 1525 opera
931 1465 1170 1514 Zachariae
1195 1468 1378 1513 Callicr-

9 1520 10 1525 ¹
80 1550 82 1552 ’
108 1538 189 1597 gi,
223 1534 448 1582 Cretensis
480 1550 617 1594 1499.
642 1535 721 1582 fol.
743 1559 812 1569 —
845 1538 891 1586 in
916 1534 1163 1581 Aristotelis
1179 1537 1378 1595 Catego—

117 1605 199 1647 rias
223 1605 564 1653 commentaria,
599 1618 786 1662 graece,
822 1618 923 1651 cum
943 1603 1088 1649 latinis
1114 1605 1391 1665 Categoria-·

117 1685 217 1715 rum
229 1672 441 1728 capitibus
464 1667 566 1722 Iulli
583 1668 705 1722 Vells‘i
724 1668 950 1723 industria,
981 1669 1101 1719 ssafil.
1131 1683 1146 1712 1
1161 1685 1217 1729 55
1233 1685 1271 1717 ι,
1296 1671 1391 1716 fols

129 1761 177 1770 ·—-
209 1738 542 1785 commentaria
565 1738 611 1783 in
631 1738 728 1782 1111.
756 1736 1002 1783 Aristotelis
1028 1737 1165 1785 libros
1191 1739 1374 1783 decoe-

118 1802 166 1849 lo
184 1835 197 1858 ‚
231 1819 334 1852 curn
354 1812 478 1854 textu
500 1804 710 1856 eiusdem,
746 1818 920 1864 graece,
955 1803 1158 1849 Venetiis
1183 1807 1231 1849 in
1258 1807 1380 1850 aedi-

123 1874 201 1917 bus
239 1872 358 1929 Aldj‘
383 1871 526 1930 1526·
565 1870 643 1918 fol.
667 1895 735 1904 —
803 1866 964 1917 Eadem
997 1874 1179 1917 nouiter
1201 1876 1295 1918 fere
1318 1874 1375 1918 de

120 1940 304 1999 integro
334 1941 654 1997 interpretata,
691 1954 741 1984 ac
772 1954 873 1984 cum
911 1936 1118 1986 fidiffimis
1149 1942 1376 1987 codicibus

123 2009 291 2067 graecis
325 2022 482 2052 recens
518 2005 703 2060 collata,
731 2009 768 2051 V
773 2008 930 2052 enetiis
964 2007 1081 2064 apud
1110 2009 1237 2055 Hier.
1269 2009 1379 2056 Sco-

96 2084 98 2087 ’
122 2084 221 2120 tum
242 2088 377 2132 ¹544·
400 2073 474 2118 fol.
497 2097 566 2111 ——
595 2075 929 2120 Commentaria
943 2076 988 2118 in
1016 2084 1105 2119 tres
1131 2073 1268 2120 libros
1284 2076 1377 2121 Ari-

124 2141 296 2187 stotelis
315 2141 371 2185 de
388 2141 556 2186 Anima.
591 2140 829 2186 Alexandri
851 2141 1126 2200 Aphrodifiei
1146 2158 1376 2188 commen-

124 2211 234 2263 taria
267 2210 314 2255 in
347 2208 508 2253 librum
545 2209 601 2253 de
637 2209 761 2258 sensu
792 2217 839 2258 et
871 2207 1077 2254 sensibili.
1149 2211 1374 2264 Michaelis

69 2313 74 2317 ,
126 2274 299 2333 Ephesii
330 2285 550 2328 annotatt.
582 2277 628 2319 in
658 2275 820 2324 librum
854 2277 911 2325 de
939 2277 1152 2325 memoria
1174 2287 1221 2323 et
1243 2280 1376 2325 remi·

128 2343 339 2389 niscentia
359 2352 443 2390 etc.
466 2358 640 2406 graece,
671 2341 875 2391 venetiis
899 2344 946 2387 in
966 2345 1146 2390 aedibus
1168 2344 1267 2390 Aldi
1289 2355 1377 2392 etc.

137 2422 274 2469 1527.
310 2410 388 2457 fol.
420 2436 466 2446 -
534 2414 584 2457 In
607 2426 760 2472 graeca
783 2411 984 2458 editione
1011 2413 1131 2471 quod
1152 2416 1380 2471 prooemi-

130 2492 207 2522 um
226 2479 367 2535 capite
388 2476 592 2525 mutilum
605 2479 794 2539 legitur,
824 2477 997 2523 Ioannes
1018 2489 1168 2525 autem
1186 2476 1383 2539 Faseolur

133 2546 209 2607 qui
231 2544 354 2595 illum
379 2549 747 2598 commentarium
770 2548 935 2605 primus
956 2546 1089 2594 latine
1113 2549 1401 2611 interpretas)

742 2616 826 2664 Ed
866 2628 890 2674 5
1312 2626 1384 2663 tus
