1686 3025
585 240 870 292 LVCIANVS.
1263 253 1354 304 189

108 371 393 432 Gottingens.
416 367 527 430 plag.
564 383 667 428 174.
691 385 727 415 a.
757 384 893 430 1790.
920 365 1356 416 saltemhabetistum

108 455 191 498 pro
218 441 363 484 ieiuna
383 437 795 497 mythologicorum
829 454 912 496 pro
950 437 1154 482 saltatore
1178 437 1358 480 mimico

109 515 476 567 argumentorum
502 504 850 557 nomenclatura,
874 507 1050 550 Luciani
1073 506 1256 564 ingenio
1275 505 1359 546 mi-

108 589 190 617 nus
212 582 322 632 apta.
356 595 424 611 .—-
491 571 710 617 Libellum
739 568 788 616 de
816 570 1041 633 astrologia
1061 574 1253 617 Luciano
1286 572 1362 615 ab·

112 651 248 701 negat
282 640 519 695 Wieland3
564 648 720 684 contra
754 640 794 683 ei
823 640 984 686 adserit
1011 639 1171 697 librum
1200 636 1251 682 de
1284 634 1363 681 dea

111 708 223 765 Syra
237 724 253 760 ,-
289 718 333 753 at
353 709 471 751 idem
494 707 648 751 censor
661 705 889 764 existimat,
924 710 1016 765 pari
1043 709 1218 752 ratione
1243 706 1361 752 hunc

114 792 139 820 e
163 775 366 835 catalogo
392 773 610 819 librorum
631 776 808 821 Luciam
834 771 1241 828 esse-eximendum,
1263 775 1364 832 quia

110 845 323 887 Lucianus
343 838 536 886 illusisset
562 840 792 899 leiiorem,
826 856 1032 900 eumque,
1065 842 1191 899 ‘quod
1211 850 1365 886 tamen

115 907 263 953 officio
318 908 488 965 satyrici
535 909 761 965 scriptoris
810 917 1059 969 repugnet,
1124 910 1365 962 incertum,

114 991 222 1020 num
262 975 415 1020 irrisor
444 974 519 1027 fit,
579 990 634 1018 an
673 974 813 1020 horno
854 977 1060 1034 ineptus,
1111 971 1367 1033 reliquisset.

113 1045 355 1102 Vtriusque
377 1059 486 1088 vero
508 1041 646 1087 libelli
667 1043 820 1087 audior
843 1045 981 1088 vtitur
996 1040 1184 1088 dialecto
1206 1044 1370 1096 ionica,

111 1120 164 1156 et
189 1110 378 1157 adfecstat
409 1126 549 1171 genus
581 1109 759 1156 dicendi
782 1113 1120 1161 Herodoteum3
1157 1109 1278 1171 quod
1306 1117 1373 1156 ta·

119 1194 225 1223 men
245 1179 337 1237 ipse
357 1180 570 1223 Lucianus
593 1180 639 1222 in
665 1178 783 1223 libro'
815 1180 871 1223 de
895 1179 1212 1223 conscribenda
1237 1178 1372 1222 histo-

119 1247 182 1290 ria
206 1247 377 1292 irridet.
410 1270 478 1287 —
543 1248 614 1291 De
648 1245 854 1307 dialogo,
898 1243 951 1289 de
978 1255 1110 1288 morte
1141 1245 1374 1306 Peregrini

121 1314 214 1375 agit
235 1312 404 1359 Gesner.
431 1316 479 1357 in
511 1315 624 1371 disp.
662 1315 718 1358 de
757 1314 939 1358 audiore
970 1312 1210 1371 Philopatr,
1248 1311 1290 1372 ᾗ.
1315 1325 1372 1369 17

135 1408 176 1417 -
208 1395 282 1423 20.
350 1382 400 1423 In
425 1379 501 1423 illo
524 1380 758 1440 perstringi
780 1382 870 1424 affiia
904 1383 1107 1438 martyris
1127 1379 1376 1440 Polycarpi,

124 1449 343 1493 Fabricius
374 1450 445 1491 vix
487 1448 644 1490 adduci
678 1447 850 1504 potest,
903 1456 952 1493 vt
994 1463 1094 1491 cum
1141 1450 1379 1501 Lemonio‚

128 1515 300 1573 (Steph.
321 1513 364 1558 le
387 1516 583 1572 Nloyne',
614 1515 661 1556 in
695 1510 787 1558 diss.
821 1516 878 1558 de
916 1513 1192 1574 Polycarpo,-
1251 1516 1378 1559 variis

127 1582 253 1627 sacris
275 1579 511 1638 praefixa,)-
534 1582 702 1624 credat(
768 1580 1044 1634 Heumannus
1067 1586 1219 1626 tamen‘
1238 1583 1284 1626 in
1297 1597 1381 1625 no-

128 1657 172 1694 ta
193 1656 304 1692 msta
323 1644 377 1690 ad
399 1648 522 1690 Fabr.
547 1648 588 1689 B.
616 1647 692 1690 Gr.
712 1643 742 1691 l.
765 1654 803 1692 ε’.
827 1661 923 1706 pag.
958 1661 1067 1704 500...
1087 1648 1147 1691 de·
1169 1650 1383 1701 Luciano,

128 1715 384 1771 ,‚Historia‚-
420 1712 591 1771 inquit,
637 1714 692 1756 de
726 1711 955 1774 Peregrini
986 1723 1135 1773 morte
1168 1705 1258 1759 sola
1292 1713 1383 1759 fide

129 1782 328 1839 Luciam,
361 1791 495 1839 quem
516 1781 654 1825 ceteri
676 1778 1024 1838 descripserunt,
1059 1783 1236 1827 nititur„r
1301 1784 1382 1827 At-

133 1865 220 1910 que
244 1851 455 1894 Lucianus
479 1848 584 1892 vera
605 1848 761 1893 miscet
780 1846 902 1893 fistis.
972 1851 1092 1893 Hinc
1103 1850 1384 1904 crediderim,

131 1919 371 1962 Lucianum
392 1918 580 1960 omnino·
603 1916 681 1959 sub
702 1914 930 1976 Peregrini
960 1918 1144 1961 nomine
1180 1916 1388 1975 perstrin-

135 2000 243 2046 gere
261 1983 490 2044 Poly'c‘arpi
513 1984 796 2038 dementiam,
830 1983 915 2030 scil.
948 1986 1070 2042 quod
1105 2000 1188 2042 pro
1210 1983 1386 2030 Christo

136 2053 181 2097 se
217 2052 420 2096 comburi
457 2046 593 2108 passus
637 2048 735 2096 fit.“
822 2052 908 2096 Sed
943 2066 1125 2096 omnem
1163 2050 1388 2096 historiam

140 2119 392 2177 composuit
429 2127 476 2163 et
513 2118 570 2161 de
600 2115 699 2167 fide
728 2120 904 2163 Luciani
934 2120 1114 2177 copiose
1146 2119 1390 2178 disputauit

150 2182 389 2230 Wielandus
411 2186 458 2229 in
480 2182 680 2229 versione
707 2185 777 2228 sua
798 2200 939 2244 germ.
959 2189 1158 2232 tom.111.-

237 2270 284 2312 4.
318 2254 552 2309 Princeps,
583 2261 626 2296 at
647 2252 844 2309 plurimis
870 2250 1114 2297 editoribus
1146 2253 1392 2313 incognita,

145 2337 168 2365 a
189 2320 362 2366 Reitzio
385 2329 535 2365 tamen
555 2318 776 2373 adhibita,
806 2320 946 2366 editio
981 2319 1159 2363 Luciam'
1192 2321 1392 2378 Operum'

150 2387 210 2431 est
242 2387 497 2433 Florentina
536 2389 673 2446 1496.
706 2385 782 2431 fol.
820 2387 862 2444 *)
894 2389 1087 2446 repetita
1111 2403 1213 2432 cum
1248 2387 1398 2431 Philo«

553 2459 557 2462 ’
950 2468 953 2474 ·
1247 2453 1401 2508 strato,

205 2550 245 2602 ⁸)
273 2554 393 2591 Antea
417 2561 540 2591 tamen
560 2554 631 2592 iam
652 2554 882 2603 prodierunt
901 2553 1091 2592 versiones
1113 2557 1296 2604 quaedam
1333 2559 1401 2593 lata

250 2621 307 2666 *ex
325 2620 383 2658 gr·
410 2606 566 2647 Luciani
586 2609 724 2662 dlalogi
733 2605 818 2662 be.
876 2614 1030 2651 Romae.
1050 2620 1089 2661 4.
1112 2611 1188 2651 fine
1210 2608 1301 2650 anni
1328 2623 1408 2649 non·
