1640 3030
639 249 900 302 ZoSlMVS.
1311 267 1371 314 37
1379 268 1403 316 3

138 386 289 435 8.rec.
311 383 440 427 lenae
463 390 600 440 1713.
618 385 662 433 8.
692 399 762 415 —-
793 394 895 425 cum
905 373 1214 438 notis(Thom.
1237 372 1402 435 Smith)

131 450 339 495 Oxoniae
370 451 508 509 1679.
534 457 576 501 8.
610 474 668 483 -
703 445 946 496 Nouissima
974 448 1232 506 optimaque
1258 447 1400 492 editio

130 517 244 562 haec
264 517 350 563 est:
390 517 542 575 Zosimi
553 510 750 563 historias
773 533 841 578 gr.
865 525 913 563 et
944 514 1019 562 lat.
1043 515 1287 569 recensuit,
1317 530 1401 558 no·
1451 530 1456 534 *

131 587 190 631 tis
216 588 376 633 criticis
401 595 451 633 et
471 587 798 632 commentario
832 584 1040 630 historico
1076 582 1306 628 illustrauit
1335 581 1400 631 Io.

129 651 280 700 Fried.
319 655 600 709 Reitemeier‚
653 655 689 701 I.
714 655 767 699 V.
788 655 848 700 D.
888 654 943 698 ad
982 650 1148 697 calcem
1180 646 1400 696 subietSlae

129 720 235 768 sunt
252 721 656 768 animaduerfiones
681 720 924 767 nonnullae
945 720 988 766 C.
1017 720 1066 762 G.
1088 719 1261 780 Hffnii.
1295 720 1401 778 Lip-

129 787 214 834 fiae
246 797 387 849 1784.
412 799 455 842 8.
501 786 823 836 Praemiffarest
858 790 1050 840 erudita?
1070 785 1316 847 disquifitio
1349 788 1399 833 in

126 855 353 902 Zofimum
377 859 561 917 eiusque
587 857 748 911 fidem,
780 859 828 901 in
854 873 939 915 qua
962 857 1020 901 de
1043 857 1133 902 vita
1170 855 1285 900 illius
1301 886 1314 908 ,
1347 852 1399 900 ek

126 923 186 967 de
221 926 354 982 vitiis,
376 927 519 983 iisque
539 928 670 970 rebus
701 940 752 970 ac
780 925 969 978 iudiciis,
1004 939 1116 982 quae
1131 920 1399 976 fidemillius'

124 989 367 1053 suspedhm
395 993 591 1037 reddere
626 994 914 1049 viderentur,
974 1000 1022 1036 et
1052 990 1110 1034 de
1139 991 1398 1044 virtutibus,

126 1074 241 1116 quae
276 1061 367 1104 eius
401 1059 628 1106 historiam
675 1060 1023 1115 commendant,
1084 1053 1398 1117 intelligenter

124 1121 311 1173 disserit.
388 1128 516 1173 Idem
539 1129 605 1172 vir
631 1128 786 1173 doetus
810 1130 857 1171 in
878 1124 1143 1172 Volborthii
1169 1124 1271 1169 bibl.
1297 1124 1398 1183 phi-

124 1192 207 1240 lol.
234 1194 323 1240 vol.
345 1196 400 1241 11.
435 1194 603 1254 Lipsiae
633 1201 769 1253 1780.
797 1201 838 1247 8.
861 1210 961 1254 pag.
989 1207 1080 1250 225
1105 1193 1199 1251 sqq.
1228 1194 1284 1237 de
1308 1195 1396 1237 Zo-

125 1259 217 1306 fimi
242 1260 330 1307 fide
351 1273 397 1309 et
411 1263 640 1320 historicis,
675 1277 787 1322 quos
801 1262 1011 1321 sequutus
1028 1259 1105 1306 ille
1119 1259 1396 1319 est,scripto-

122 1330 244 1373 ribus
268 1331 384 1375 bene
406 1331 620 1389 disputat.

224 1411 270 1455 ς.
305 1397 417 1444 Stilo
439 1400 582 1453 vtitur
606 1398 706 1444 satis
733 1413 876 1456 puro,
922 1395 1169 1456 perspicuo'
1206 1407 1293 1439 nec
1340 1408 1395 1438 o·

120 1465 278 1510 mnino
292 1465 543 1511 inuenusto.
579 1468 636 1512 Et
649 1466 862 1511 iudicium
878 1467 977 1511 satis
1000 1471 1197 1517 acutum,
1231 1460 1396 1508 etfidei

121 1532 341 1586 studium,
378 1532 544 1578 etiamsi
565 1535 613 1577 in
638 1532 1014 1592 reprehensione,
1051 1527 1251 1591 quamuis
1271 1529 1396 1582 iusta,

119 1601 351 1646 interdum
371 1603 576 1645 videatur
611 1603 818 1655 acm-hm,
872 1603 921 1645 in
954 1602 1108 1658 primis
1143 1596 1393 1656 confilium,

118 1664 278 1712 cauffas
298 1667 569 1725 reipublicae
590 1669 771 1713 euersae
791 1668 999 1726 aperiend
1035 1699 1048 1720 ‚
1086 1666 1264 1710 abunde
1285 1675 1395 1723 prod

119 1736 243 1780 bauit
268 1736 467 1780 eruditis·
536 1736 764 1788 Quaedam
789 1738 910 1781 enim
928 1736 1118 1779 omnino
1130 1734 1396 1777 condonan-

117 1802 174 1847 da
194 1800 532 1854 eruntZosimQ
568 1804 749 1861 quando
764 1818 931 1856 mores,
952 1802 1203 1863 ingenium,
1240 1800 1394 1858 super-

115 1869 368 1922 stitionem,
402 1872 689 1929 iniquitatem
709 1874 950 1930 turbasque
975 1885 1158 1921 eorum,
1204 1870 1254 1912 in
1275 1883 1391 1926 quae

114 1946 234 1983 aetas
253 1937 369 1982 illius
387 1939 570 1989 incidit,
603 1948 889 1996 temporum,
938 1938 1226 1997 ipsorumque
1248 1937 1396 1994 impe⁴

110 2013 314 2051 ratorum
338 2007 656 2064 perpendimus
676 2023 716 2052 v.
739 2021 922 2066 quoque
954 2004 1036 2052 cel.
1055 2004 1219 2064 qunz‘i
1238 2004 1381 2049 adno-

112 2081 196 2120 tat.
225 2088 325 2134 pag
351 2073 443 2132 623
472 2073 565 2131 sqq.
605 2072 856 2132 Iniquitatis
885 2081 1036 2119 autem
1070 2073 1254 2131 odiique
1279 2087 1387 2132 erga

113 2143 411 2200 imperatores
435 2139 692 2186 christianos
720 2142 773 2185 ab
798 2141 889 2186 aliis
928 2142 1155 2216 arguitum
1213 2142 1266 2183 ab
1291 2137 1386 2183 aliis

113 2219 226 2254 vero
247 2209 508 2255 defenditur
524 2217 601 2254 aut
622 2209 865 2255 excusatur.
930 2208 1110 2252 Ritter
1100 2223 1146 2252 m
1171 2202 1292 2253 Obff
1315 2206 1391 2251 hi-

114 2274 220 2323 st'or.
243 2276 442 2323 Witteb.
472 2289 612 2335 1742.
634 2291 732 2337 pag.
767 2290 842 2331 14
870 2276 938 2331 se,
973 2276 1138 2328 scribit,
1174 2277 1384 2319 innume·

113 2344 175 2387 ris
194 2340 317 2401 poffe
342 2345 510 2390 docere
531 2344 770 2402 exempli5‚
817 2342 914 2390 Zos
902 2359 1042 2389 mum
1075 2338 1200 2388 fuiffe
1233 2342 1381 2386 horni-

40 2431 43 2435 ·
115 2426 222 2455 nem
242 2411 575 2472 pestilentissimi
607 2414 766 2464 animi,
817 2409 1046 2457 leuiffimas
1074 2418 1253 2456 tantum
1274 2425 1382 2455 con

116 2475 333 2537 quisiuiffe
357 2481 551 2539 vndique
574 2476 731 2525 caussas
751 2481 1034 2538 vituperandi
1064 2477 1379 2522 calumniandi-

115 2560 234 2606 que,
271 2554 323 2594 vt
341 2547 402 2594 ita
425 2550 620 2609 paratior
641 2556 689 2593 et
711 2546 963 2595 instruffior
986 2548 1040 2594 ad
1065 2554 1318 2592 commenta
1331 2553 1380 2590 et

669 2615 743 2662 Aa
780 2629 804 2677 3
1253 2628 1380 2660 men-
