<?xml version="1.0" encoding="UTF-8"?>
<!DOCTYPE html PUBLIC "-//W3C//DTD XHTML 1.0 Transitional//EN"
    "http://www.w3.org/TR/xhtml1/DTD/xhtml1-transitional.dtd">
<html xmlns="http://www.w3.org/1999/xhtml" xml:lang="en" lang="en">
 <head>
  <title>
</title>
<meta http-equiv="Content-Type" content="text/html;charset=utf-8" />
  <meta name='ocr-system' content='tesseract 3.04.00' />
  <meta name='ocr-capabilities' content='ocr_page ocr_carea ocr_par ocr_line ocrx_word'/>
</head>
<body>
  <div class='ocr_page' id='page_1' title='image "./p1theophilichristo02harluoft_0561.png"; bbox 0 0 1640 3030; ppageno 0'>
   <div class='ocr_carea' id='block_1_1' title="bbox 299 211 1338 296">
    <p class='ocr_par' dir='ltr' id='par_1_1' title="bbox 299 211 1338 296">
     <span class='ocr_line' id='line_1_1' title="bbox 299 211 1338 296; baseline -0.006 -15"><span class='ocrx_word' id='word_1_1' title='bbox 299 233 577 281; x_wconf 78' lang='lat' dir='ltr'><em>GEORGJVS</em></span> <span class='ocrx_word' id='word_1_2' title='bbox 602 211 889 278; x_wconf 76' lang='lat' dir='ltr'><em>GEMJSTVS</em></span> <span class='ocrx_word' id='word_1_3' title='bbox 916 226 1159 275; x_wconf 83' lang='lat' dir='ltr'><em>PLETHO.</em></span> <span class='ocrx_word' id='word_1_4' title='bbox 1244 247 1338 296; x_wconf 80' lang='lat'>549</span> 
     </span>
    </p>
   </div>
   <div class='ocr_carea' id='block_1_2' title="bbox 98 353 1343 690">
    <p class='ocr_par' dir='ltr' id='par_1_2' title="bbox 98 353 1343 690">
     <span class='ocr_line' id='line_1_2' title="bbox 99 353 1343 416; baseline -0.003 -11"><span class='ocrx_word' id='word_1_5' title='bbox 99 360 184 406; x_wconf 83' lang='lat' dir='ltr'>fuit</span> <span class='ocrx_word' id='word_1_6' title='bbox 213 357 483 412; x_wconf 52' lang='lat' dir='ltr'>Florentium</span> <span class='ocrx_word' id='word_1_7' title='bbox 519 353 675 416; x_wconf 67' lang='lat' dir='ltr'>*)‘vbi</span> <span class='ocrx_word' id='word_1_8' title='bbox 706 356 944 402; x_wconf 82' lang='lat' dir='ltr'>acerrimus</span> <span class='ocrx_word' id='word_1_9' title='bbox 981 357 1250 400; x_wconf 81' lang='lat' dir='ltr'>Graecorum</span> <span class='ocrx_word' id='word_1_10' title='bbox 1274 357 1343 401; x_wconf 29' lang='lat' dir='ltr'>&#39;de</span> 
     </span>
     <span class='ocr_line' id='line_1_3' title="bbox 98 422 1342 486; baseline -0.007 -14"><span class='ocrx_word' id='word_1_11' title='bbox 98 424 373 486; x_wconf 83' lang='lat' dir='ltr'>proceffione</span> <span class='ocrx_word' id='word_1_12' title='bbox 407 428 592 485; x_wconf 78' lang='lat' dir='ltr'>Spiritus</span> <span class='ocrx_word' id='word_1_13' title='bbox 629 429 671 471; x_wconf 92' lang='lat' dir='ltr'>S.</span> <span class='ocrx_word' id='word_1_14' title='bbox 700 434 794 470; x_wconf 85' lang='lat' dir='ltr'>erat</span> <span class='ocrx_word' id='word_1_15' title='bbox 833 423 1067 472; x_wconf 80' lang='lat' dir='ltr'>defensor3</span> <span class='ocrx_word' id='word_1_16' title='bbox 1102 422 1250 479; x_wconf 87' lang='lat' dir='ltr'>postea</span> <span class='ocrx_word' id='word_1_17' title='bbox 1278 432 1342 468; x_wconf 81' lang='lat' dir='ltr'>ta.</span> 
     </span>
     <span class='ocr_line' id='line_1_4' title="bbox 99 489 1342 540; baseline -0.002 -1"><span class='ocrx_word' id='word_1_18' title='bbox 99 510 205 540; x_wconf 89' lang='lat' dir='ltr'>rnen</span> <span class='ocrx_word' id='word_1_19' title='bbox 238 497 431 538; x_wconf 82' lang='lat' dir='ltr'>animum</span> <span class='ocrx_word' id='word_1_20' title='bbox 452 495 505 538; x_wconf 92' lang='lat' dir='ltr'>ad</span> <span class='ocrx_word' id='word_1_21' title='bbox 528 496 785 538; x_wconf 72' lang='lat' dir='ltr'>Latinorum</span> <span class='ocrx_word' id='word_1_22' title='bbox 806 493 1069 536; x_wconf 81' lang='lat' dir='ltr'>sententiam</span> <span class='ocrx_word' id='word_1_23' title='bbox 1090 489 1342 537; x_wconf 83' lang='lat' dir='ltr'>declinauit.</span> 
     </span>
     <span class='ocr_line' id='line_1_5' title="bbox 99 557 1343 619; baseline -0.004 -12"><span class='ocrx_word' id='word_1_24' title='bbox 99 561 521 619; x_wconf 87' lang='lat' dir='ltr'>Constantinopolin</span> <span class='ocrx_word' id='word_1_25' title='bbox 543 562 676 605; x_wconf 83' lang='lat' dir='ltr'>rediit</span> <span class='ocrx_word' id='word_1_26' title='bbox 691 592 703 612; x_wconf 90' lang='lat'>‚</span> <span class='ocrx_word' id='word_1_27' title='bbox 735 569 782 605; x_wconf 78' lang='lat' dir='ltr'>et</span> <span class='ocrx_word' id='word_1_28' title='bbox 806 561 852 603; x_wconf 94' lang='lat' dir='ltr'>in</span> <span class='ocrx_word' id='word_1_29' title='bbox 875 557 1185 616; x_wconf 81' lang='lat' dir='ltr'>Peloponneso</span> <span class='ocrx_word' id='word_1_30' title='bbox 1209 558 1343 603; x_wconf 82' lang='lat' dir='ltr'>senex</span> 
     </span>
     <span class='ocr_line' id='line_1_6' title="bbox 99 627 708 690; baseline -0.007 -15"><span class='ocrx_word' id='word_1_31' title='bbox 99 627 282 687; x_wconf 83' lang='lat' dir='ltr'>adeptus</span> <span class='ocrx_word' id='word_1_32' title='bbox 316 628 377 673; x_wconf 89' lang='lat' dir='ltr'>est</span> <span class='ocrx_word' id='word_1_33' title='bbox 397 628 708 690; x_wconf 82' lang='lat' dir='ltr'>magistratum.</span> 
     </span>
    </p>
   </div>
   <div class='ocr_carea' id='block_1_3' title="bbox 101 720 1356 1114">
    <p class='ocr_par' dir='ltr' id='par_1_3' title="bbox 101 720 1347 1057">
     <span class='ocr_line' id='line_1_7' title="bbox 205 720 1347 789; baseline -0.001 -16"><span class='ocrx_word' id='word_1_34' title='bbox 205 743 250 775; x_wconf 89' lang='lat'>2.</span> <span class='ocrx_word' id='word_1_35' title='bbox 293 720 416 781; x_wconf 82' lang='lat' dir='ltr'>Quae</span> <span class='ocrx_word' id='word_1_36' title='bbox 452 729 622 789; x_wconf 88' lang='lat' dir='ltr'>ingenii</span> <span class='ocrx_word' id='word_1_37' title='bbox 654 726 768 772; x_wconf 89' lang='lat' dir='ltr'>illius</span> <span class='ocrx_word' id='word_1_38' title='bbox 805 734 853 773; x_wconf 83' lang='lat' dir='ltr'>et</span> <span class='ocrx_word' id='word_1_39' title='bbox 886 726 1150 771; x_wconf 83' lang='lat' dir='ltr'>eruditionis</span> <span class='ocrx_word' id='word_1_40' title='bbox 1185 740 1347 772; x_wconf 75' lang='lat' dir='ltr'>mouu-¹</span> 
     </span>
     <span class='ocr_line' id='line_1_8' title="bbox 102 794 1343 856; baseline -0.002 -14"><span class='ocrx_word' id='word_1_41' title='bbox 102 806 252 842; x_wconf 85' lang='lat' dir='ltr'>menta</span> <span class='ocrx_word' id='word_1_42' title='bbox 283 797 540 856; x_wconf 82' lang='lat' dir='ltr'>supersunt,</span> <span class='ocrx_word' id='word_1_43' title='bbox 584 796 791 853; x_wconf 85' lang='lat' dir='ltr'>typisque</span> <span class='ocrx_word' id='word_1_44' title='bbox 827 794 1062 854; x_wconf 78' lang='lat' dir='ltr'>exscripta,</span> <span class='ocrx_word' id='word_1_45' title='bbox 1108 809 1159 838; x_wconf 91' lang='lat' dir='ltr'>ea</span> <span class='ocrx_word' id='word_1_46' title='bbox 1196 797 1343 852; x_wconf 77' lang='lat' dir='ltr'>paucis</span> 
     </span>
     <span class='ocr_line' id='line_1_9' title="bbox 102 860 1347 922; baseline -0.001 -14"><span class='ocrx_word' id='word_1_47' title='bbox 102 866 561 909; x_wconf 74' lang='lat' dir='ltr'>commemorabimus,</span> <span class='ocrx_word' id='word_1_48' title='bbox 587 863 626 918; x_wconf 92' lang='lat' dir='ltr'>a)</span> <span class='ocrx_word' id='word_1_49' title='bbox 651 864 707 906; x_wconf 90' lang='lat' dir='ltr'>de</span> <span class='ocrx_word' id='word_1_50' title='bbox 721 862 848 922; x_wconf 84' lang='lat' dir='ltr'>gestis</span> <span class='ocrx_word' id='word_1_51' title='bbox 862 863 1132 905; x_wconf 84' lang='lat' dir='ltr'>Graecorum</span> <span class='ocrx_word' id='word_1_52' title='bbox 1146 860 1241 919; x_wconf 87' lang='lat' dir='ltr'>post</span> <span class='ocrx_word' id='word_1_53' title='bbox 1263 879 1347 920; x_wconf 84' lang='lat' dir='ltr'>pu-</span> 
     </span>
     <span class='ocr_line' id='line_1_10' title="bbox 103 924 1346 993; baseline -0.006 -17"><span class='ocrx_word' id='word_1_54' title='bbox 103 947 236 993; x_wconf 86' lang='lat' dir='ltr'>gnam</span> <span class='ocrx_word' id='word_1_55' title='bbox 272 924 596 976; x_wconf 82' lang='lat' dir='ltr'>Mantinensem</span> <span class='ocrx_word' id='word_1_56' title='bbox 631 929 707 973; x_wconf 82' lang='lat' dir='ltr'>lib.</span> <span class='ocrx_word' id='word_1_57' title='bbox 741 931 795 973; x_wconf 84' lang='lat'>11.</span> <span class='ocrx_word' id='word_1_58' title='bbox 828 943 1039 988; x_wconf 82' lang='lat' dir='ltr'>graecae,</span> <span class='ocrx_word' id='word_1_59' title='bbox 1075 943 1176 972; x_wconf 90' lang='lat' dir='ltr'>cum</span> <span class='ocrx_word' id='word_1_60' title='bbox 1197 928 1346 985; x_wconf 82' lang='lat' dir='ltr'>Xeno.</span> 
     </span>
     <span class='ocr_line' id='line_1_11' title="bbox 101 993 1345 1057; baseline -0.002 -14"><span class='ocrx_word' id='word_1_61' title='bbox 101 998 283 1057; x_wconf 86' lang='lat' dir='ltr'>phontis</span> <span class='ocrx_word' id='word_1_62' title='bbox 319 995 520 1056; x_wconf 65' lang='lat' dir='ltr'>Omissis,</span> <span class='ocrx_word' id='word_1_63' title='bbox 554 999 719 1041; x_wconf 64' lang='lat' dir='ltr'>Venet·</span> <span class='ocrx_word' id='word_1_64' title='bbox 757 996 875 1052; x_wconf 86' lang='lat' dir='ltr'>apud</span> <span class='ocrx_word' id='word_1_65' title='bbox 908 993 1069 1038; x_wconf 86' lang='lat' dir='ltr'>Aldum</span> <span class='ocrx_word' id='word_1_66' title='bbox 1102 1009 1241 1056; x_wconf 83' lang='lat'>¹503·</span> <span class='ocrx_word' id='word_1_67' title='bbox 1263 995 1345 1042; x_wconf 80' lang='lat' dir='ltr'>fol.</span> 
     </span>
    </p>

    <p class='ocr_par' dir='ltr' id='par_1_4' title="bbox 1104 1078 1356 1114">
     <span class='ocr_line' id='line_1_12' title="bbox 1104 1078 1356 1114; baseline -0.004 -6"><span class='ocrx_word' id='word_1_68' title='bbox 1104 1083 1172 1096; x_wconf 86' lang='lat'>—·</span> <span class='ocrx_word' id='word_1_69' title='bbox 1205 1078 1356 1114; x_wconf 59' lang='lat' dir='ltr'>recus,</span> 
     </span>
    </p>
   </div>
   <div class='ocr_carea' id='block_1_4' title="bbox 127 1193 1369 2630">
    <p class='ocr_par' dir='ltr' id='par_1_5' title="bbox 127 1193 1355 1750">
     <span class='ocr_line' id='line_1_13' title="bbox 127 1193 1355 1247; baseline -0.003 -11"><span class='ocrx_word' id='word_1_70' title='bbox 127 1218 141 1230; x_wconf 54' lang='grc' dir='ltr'><em>ν</em></span> <span class='ocrx_word' id='word_1_71' title='bbox 165 1197 204 1246; x_wconf 76' lang='lat'>¹*)</span> <span class='ocrx_word' id='word_1_72' title='bbox 231 1197 301 1237; x_wconf 84' lang='lat' dir='ltr'>Per</span> <span class='ocrx_word' id='word_1_73' title='bbox 328 1200 428 1235; x_wconf 88' lang='lat' dir='ltr'>hanc</span> <span class='ocrx_word' id='word_1_74' title='bbox 461 1195 697 1235; x_wconf 75' lang='lat' dir='ltr'>occasionem</span> <span class='ocrx_word' id='word_1_75' title='bbox 733 1193 918 1234; x_wconf 84' lang='lat' dir='ltr'>Gemistus</span> <span class='ocrx_word' id='word_1_76' title='bbox 939 1208 1021 1234; x_wconf 85' lang='lat' dir='ltr'>non</span> <span class='ocrx_word' id='word_1_77' title='bbox 1041 1194 1355 1247; x_wconf 81' lang='lat' dir='ltr'>solum&#39;platoni.</span> 
     </span>
     <span class='ocr_line' id='line_1_14' title="bbox 218 1252 1350 1304; baseline 0.002 -11"><span class='ocrx_word' id='word_1_78' title='bbox 218 1268 301 1294; x_wconf 87' lang='lat' dir='ltr'>carn</span> <span class='ocrx_word' id='word_1_79' title='bbox 328 1254 369 1293; x_wconf 89' lang='lat' dir='ltr'>in</span> <span class='ocrx_word' id='word_1_80' title='bbox 396 1254 503 1291; x_wconf 80' lang='lat' dir='ltr'>Italia</span> <span class='ocrx_word' id='word_1_81' title='bbox 536 1253 770 1291; x_wconf 84' lang='lat' dir='ltr'>resuscitauit</span> <span class='ocrx_word' id='word_1_82' title='bbox 796 1252 1096 1301; x_wconf 82' lang='lat' dir='ltr'>philosophiam3</span> <span class='ocrx_word' id='word_1_83' title='bbox 1140 1256 1202 1304; x_wconf 79' lang='lat' dir='ltr'>sed</span> <span class='ocrx_word' id='word_1_84' title='bbox 1235 1257 1350 1295; x_wconf 85' lang='lat' dir='ltr'>etiam</span> 
     </span>
     <span class='ocr_line' id='line_1_15' title="bbox 219 1303 1352 1350; baseline 0.001 0"><span class='ocrx_word' id='word_1_85' title='bbox 219 1311 353 1350; x_wconf 69' lang='lat' dir='ltr'>austor</span> <span class='ocrx_word' id='word_1_86' title='bbox 388 1308 462 1346; x_wconf 78' lang='lat' dir='ltr'>fuit</span> <span class='ocrx_word' id='word_1_87' title='bbox 502 1312 642 1347; x_wconf 88' lang='lat' dir='ltr'>Cosmo</span> <span class='ocrx_word' id='word_1_88' title='bbox 673 1308 853 1346; x_wconf 75' lang='lat' dir='ltr'>Medic-eo</span> <span class='ocrx_word' id='word_1_89' title='bbox 884 1309 1096 1346; x_wconf 83' lang='lat' dir='ltr'>academiae</span> <span class='ocrx_word' id='word_1_90' title='bbox 1125 1303 1352 1350; x_wconf 76' lang='lat' dir='ltr'>Platonicae</span> 
     </span>
     <span class='ocr_line' id='line_1_16' title="bbox 221 1363 1350 1414; baseline 0.001 -10"><span class='ocrx_word' id='word_1_91' title='bbox 221 1367 446 1405; x_wconf 81' lang='lat' dir='ltr'>condendae</span> <span class='ocrx_word' id='word_1_92' title='bbox 474 1373 513 1403; x_wconf 86' lang='lat' dir='ltr'>v.</span> <span class='ocrx_word' id='word_1_93' title='bbox 556 1363 675 1402; x_wconf 74' lang='lat' dir='ltr'>Fz&#39;cim&#39;</span> <span class='ocrx_word' id='word_1_94' title='bbox 708 1365 871 1413; x_wconf 85' lang='lat' dir='ltr'>praefat.</span> <span class='ocrx_word' id='word_1_95' title='bbox 899 1367 948 1402; x_wconf 79' lang='lat' dir='ltr'>ad</span> <span class='ocrx_word' id='word_1_96' title='bbox 976 1365 1194 1414; x_wconf 89' lang='lat' dir='ltr'>Plotinum,</span> <span class='ocrx_word' id='word_1_97' title='bbox 1243 1365 1350 1405; x_wconf 78' lang='lat' dir='ltr'>Saxii</span> 
     </span>
     <span class='ocr_line' id='line_1_17' title="bbox 219 1417 1355 1473; baseline 0.007 -18"><span class='ocrx_word' id='word_1_98' title='bbox 219 1426 357 1462; x_wconf 83' lang='lat' dir='ltr'>Onom.</span> <span class='ocrx_word' id='word_1_99' title='bbox 376 1425 424 1460; x_wconf 85' lang='grc' dir='ltr'>ΙΙ.</span> <span class='ocrx_word' id='word_1_100' title='bbox 442 1433 528 1470; x_wconf 80' lang='lat' dir='ltr'>pag.</span> <span class='ocrx_word' id='word_1_101' title='bbox 550 1429 648 1471; x_wconf 88' lang='lat'>419.</span> <span class='ocrx_word' id='word_1_102' title='bbox 666 1423 717 1469; x_wconf 88' lang='lat' dir='ltr'>sq.</span> <span class='ocrx_word' id='word_1_103' title='bbox 731 1422 771 1458; x_wconf 90' lang='lat' dir='ltr'>in</span> <span class='ocrx_word' id='word_1_104' title='bbox 793 1421 921 1469; x_wconf 85' lang='lat' dir='ltr'>primis</span> <span class='ocrx_word' id='word_1_105' title='bbox 940 1417 1182 1470; x_wconf 81' lang='lat' dir='ltr'>Bandinium,</span> <span class='ocrx_word' id='word_1_106' title='bbox 1222 1425 1290 1473; x_wconf 91' lang='lat' dir='ltr'>qui</span> <span class='ocrx_word' id='word_1_107' title='bbox 1313 1426 1355 1463; x_wconf 79' lang='lat' dir='ltr'>in</span> 
     </span>
     <span class='ocr_line' id='line_1_18' title="bbox 218 1477 1352 1527; baseline 0.004 -11"><span class='ocrx_word' id='word_1_108' title='bbox 218 1479 422 1527; x_wconf 82' lang='lat' dir='ltr'>specimine</span> <span class='ocrx_word' id='word_1_109' title='bbox 452 1478 689 1514; x_wconf 80' lang='lat' dir='ltr'>litteraturae</span> <span class='ocrx_word' id='word_1_110' title='bbox 708 1477 950 1516; x_wconf 86' lang='lat' dir='ltr'>Florentinae</span> <span class='ocrx_word' id='word_1_111' title='bbox 976 1478 1068 1514; x_wconf 83' lang='lat' dir='ltr'>saec.</span> <span class='ocrx_word' id='word_1_112' title='bbox 1090 1481 1170 1518; x_wconf 87' lang='lat' dir='ltr'>XV.</span> <span class='ocrx_word' id='word_1_113' title='bbox 1188 1488 1282 1518; x_wconf 85' lang='lat' dir='ltr'>tom.</span> <span class='ocrx_word' id='word_1_114' title='bbox 1303 1485 1352 1520; x_wconf 85' lang='lat'>11.</span> 
     </span>
     <span class='ocr_line' id='line_1_19' title="bbox 223 1532 1352 1586; baseline -0.005 -14"><span class='ocrx_word' id='word_1_115' title='bbox 223 1534 438 1574; x_wconf 75' lang='lat' dir='ltr'>florentiae</span> <span class='ocrx_word' id='word_1_116' title='bbox 466 1542 580 1581; x_wconf 84' lang='lat'>1751.</span> <span class='ocrx_word' id='word_1_117' title='bbox 606 1536 642 1579; x_wconf 84' lang='lat'>8.</span> <span class='ocrx_word' id='word_1_118' title='bbox 663 1532 697 1580; x_wconf 64' lang='grc' dir='ltr'>ξ,</span> <span class='ocrx_word' id='word_1_119' title='bbox 725 1542 785 1579; x_wconf 83' lang='lat'>33.</span> <span class='ocrx_word' id='word_1_120' title='bbox 807 1534 889 1581; x_wconf 80' lang='lat' dir='ltr'><strong>sqq.</strong></span> <span class='ocrx_word' id='word_1_121' title='bbox 913 1545 999 1583; x_wconf 79' lang='lat' dir='ltr'>pag.</span> <span class='ocrx_word' id='word_1_122' title='bbox 1026 1541 1091 1581; x_wconf 83' lang='lat'>55.</span> <span class='ocrx_word' id='word_1_123' title='bbox 1112 1552 1168 1563; x_wconf 88' lang='lat'>—</span> <span class='ocrx_word' id='word_1_124' title='bbox 1191 1544 1258 1586; x_wconf 78' lang='lat'>95.</span> <span class='ocrx_word' id='word_1_125' title='bbox 1286 1550 1352 1574; x_wconf 67' lang='lat' dir='ltr'>or-</span> 
     </span>
     <span class='ocr_line' id='line_1_20' title="bbox 223 1589 1354 1637; baseline 0.004 -11"><span class='ocrx_word' id='word_1_126' title='bbox 223 1598 304 1628; x_wconf 81' lang='lat' dir='ltr'>tum</span> <span class='ocrx_word' id='word_1_127' title='bbox 326 1589 479 1637; x_wconf 86' lang='lat' dir='ltr'>fataque</span> <span class='ocrx_word' id='word_1_128' title='bbox 503 1598 617 1637; x_wconf 88' lang='lat' dir='ltr'>atque</span> <span class='ocrx_word' id='word_1_129' title='bbox 637 1601 788 1626; x_wconf 87' lang='lat' dir='ltr'>omnem</span> <span class='ocrx_word' id='word_1_130' title='bbox 805 1589 999 1626; x_wconf 82' lang='lat' dir='ltr'>historiam</span> <span class='ocrx_word' id='word_1_131' title='bbox 1015 1589 1116 1628; x_wconf 88' lang='lat' dir='ltr'>illius</span> <span class='ocrx_word' id='word_1_132' title='bbox 1137 1594 1354 1630; x_wconf 81' lang='lat' dir='ltr'>academiae</span> 
     </span>
     <span class='ocr_line' id='line_1_21' title="bbox 220 1646 1354 1698; baseline 0.002 -13"><span class='ocrx_word' id='word_1_133' title='bbox 220 1647 333 1685; x_wconf 84' lang='lat' dir='ltr'>latius</span> <span class='ocrx_word' id='word_1_134' title='bbox 359 1646 607 1698; x_wconf 82' lang='lat' dir='ltr'>persequitur.</span> <span class='ocrx_word' id='word_1_135' title='bbox 647 1663 702 1672; x_wconf 87' lang='lat'>-</span> <span class='ocrx_word' id='word_1_136' title='bbox 756 1646 904 1682; x_wconf 85' lang='lat' dir='ltr'>Mentio</span> <span class='ocrx_word' id='word_1_137' title='bbox 929 1658 1085 1694; x_wconf 84' lang='lat' dir='ltr'>quoque</span> <span class='ocrx_word' id='word_1_138' title='bbox 1101 1646 1275 1685; x_wconf 86' lang='lat' dir='ltr'>facienda</span> <span class='ocrx_word' id='word_1_139' title='bbox 1298 1650 1354 1687; x_wconf 84' lang='lat' dir='ltr'>est</span> 
     </span>
     <span class='ocr_line' id='line_1_22' title="bbox 207 1695 1352 1750; baseline 0.002 -11"><span class='ocrx_word' id='word_1_140' title='bbox 207 1702 315 1741; x_wconf 79' lang='lat' dir='ltr'>‘libri</span> <span class='ocrx_word' id='word_1_141' title='bbox 336 1702 435 1738; x_wconf 84' lang='lat' dir='ltr'>rari:</span> <span class='ocrx_word' id='word_1_142' title='bbox 463 1696 512 1736; x_wconf 80' lang='lat' dir='ltr'>‘H</span> <span class='ocrx_word' id='word_1_143' title='bbox 537 1696 698 1746; x_wconf 62' lang='grc' dir='ltr'>οἷγιάιρῄ</span> <span class='ocrx_word' id='word_1_144' title='bbox 719 1695 919 1745; x_wconf 68' lang='grc' dir='ltr'>σίκεμὲνικῆ</span> <span class='ocrx_word' id='word_1_145' title='bbox 939 1701 970 1734; x_wconf 80' lang='grc' dir='ltr'>ἓν</span> <span class='ocrx_word' id='word_1_146' title='bbox 993 1703 1185 1750; x_wconf 71' lang='grc' dir='ltr'>φλορεντίῳ</span> <span class='ocrx_word' id='word_1_147' title='bbox 1208 1700 1352 1744; x_wconf 65' lang='grc' dir='ltr'>σύνοδος.</span> 
     </span>
    </p>

    <p class='ocr_par' dir='ltr' id='par_1_6' title="bbox 154 1753 1369 2630">
     <span class='ocr_line' id='line_1_23' title="bbox 154 1753 1353 1809; baseline 0.005 -16"><span class='ocrx_word' id='word_1_148' title='bbox 154 1790 157 1792; x_wconf 94' lang='grc'>.</span> <span class='ocrx_word' id='word_1_149' title='bbox 223 1754 362 1795; x_wconf 71' lang='grc' dir='ltr'><strong><em>δαηὲῗα</em></strong></span> <span class='ocrx_word' id='word_1_150' title='bbox 385 1753 567 1805; x_wconf 83' lang='lat' dir='ltr'>generalis</span> <span class='ocrx_word' id='word_1_151' title='bbox 607 1753 822 1792; x_wconf 79' lang='lat' dir='ltr'>Florentina</span> <span class='ocrx_word' id='word_1_152' title='bbox 856 1753 1018 1806; x_wconf 84' lang='lat' dir='ltr'>Synodus</span> <span class='ocrx_word' id='word_1_153' title='bbox 1046 1765 1140 1797; x_wconf 68' lang='lat' dir='ltr'>tom.</span> <span class='ocrx_word' id='word_1_154' title='bbox 1174 1764 1202 1798; x_wconf 92' lang='grc' dir='ltr'>Ι,</span> <span class='ocrx_word' id='word_1_155' title='bbox 1232 1761 1279 1799; x_wconf 81' lang='lat'>11.</span> <span class='ocrx_word' id='word_1_156' title='bbox 1310 1769 1353 1809; x_wconf 86' lang='lat'>4.</span> 
     </span>
     <span class='ocr_line' id='line_1_24' title="bbox 222 1810 1360 1860; baseline 0.004 -10"><span class='ocrx_word' id='word_1_157' title='bbox 222 1811 438 1853; x_wconf 86' lang='lat' dir='ltr'>Excudebat</span> <span class='ocrx_word' id='word_1_158' title='bbox 466 1814 591 1860; x_wconf 86' lang='lat' dir='ltr'>Steph.</span> <span class='ocrx_word' id='word_1_159' title='bbox 619 1810 812 1849; x_wconf 83' lang='lat' dir='ltr'>Paulinus·</span> <span class='ocrx_word' id='word_1_160' title='bbox 867 1815 971 1858; x_wconf 84' lang='lat' dir='ltr'>Quae</span> <span class='ocrx_word' id='word_1_161' title='bbox 993 1815 1109 1851; x_wconf 87' lang='lat' dir='ltr'>editio</span> <span class='ocrx_word' id='word_1_162' title='bbox 1135 1816 1283 1854; x_wconf 86' lang='lat' dir='ltr'>diuersa</span> <span class='ocrx_word' id='word_1_163' title='bbox 1306 1818 1360 1855; x_wconf 85' lang='lat' dir='ltr'>est</span> 
     </span>
     <span class='ocr_line' id='line_1_25' title="bbox 190 1865 1358 1923; baseline 0 -18"><span class='ocrx_word' id='word_1_164' title='bbox 190 1917 194 1923; x_wconf 85' lang='lat'>.</span> <span class='ocrx_word' id='word_1_165' title='bbox 227 1882 251 1906; x_wconf 87' lang='lat' dir='ltr'>a</span> <span class='ocrx_word' id='word_1_166' title='bbox 294 1872 466 1906; x_wconf 85' lang='lat' dir='ltr'>Romana</span> <span class='ocrx_word' id='word_1_167' title='bbox 514 1879 598 1905; x_wconf 88' lang='lat' dir='ltr'>cum</span> <span class='ocrx_word' id='word_1_168' title='bbox 640 1867 814 1905; x_wconf 77' lang='lat' dir='ltr'>versione</span> <span class='ocrx_word' id='word_1_169' title='bbox 861 1866 1088 1917; x_wconf 79' lang='lat' dir='ltr'>Caryophili,</span> <span class='ocrx_word' id='word_1_170' title='bbox 1146 1865 1292 1922; x_wconf 48' lang='lat'>1629(</span> <span class='ocrx_word' id='word_1_171' title='bbox 1315 1884 1358 1919; x_wconf 70' lang='lat'>4.</span> 
     </span>
     <span class='ocr_line' id='line_1_26' title="bbox 223 1924 1354 1970; baseline 0.003 -8"><span class='ocrx_word' id='word_1_172' title='bbox 223 1928 274 1963; x_wconf 89' lang='lat'>11.</span> <span class='ocrx_word' id='word_1_173' title='bbox 305 1927 400 1961; x_wconf 83' lang='lat' dir='ltr'>voll.</span> <span class='ocrx_word' id='word_1_174' title='bbox 430 1925 477 1960; x_wconf 91' lang='lat' dir='ltr'>de</span> <span class='ocrx_word' id='word_1_175' title='bbox 507 1935 581 1970; x_wconf 83' lang='lat' dir='ltr'>qua</span> <span class='ocrx_word' id='word_1_176' title='bbox 616 1924 704 1960; x_wconf 85' lang='lat' dir='ltr'>edit.</span> <span class='ocrx_word' id='word_1_177' title='bbox 730 1933 768 1960; x_wconf 86' lang='lat' dir='ltr'>et</span> <span class='ocrx_word' id='word_1_178' title='bbox 792 1927 839 1960; x_wconf 83' lang='lat' dir='ltr'>de</span> <span class='ocrx_word' id='word_1_179' title='bbox 862 1924 929 1961; x_wconf 91' lang='lat' dir='ltr'>illo</span> <span class='ocrx_word' id='word_1_180' title='bbox 955 1927 1121 1964; x_wconf 87' lang='lat' dir='ltr'>concilio</span> <span class='ocrx_word' id='word_1_181' title='bbox 1143 1938 1179 1964; x_wconf 82' lang='lat' dir='ltr'>v.</span> <span class='ocrx_word' id='word_1_182' title='bbox 1203 1926 1354 1968; x_wconf 79' lang='lat' dir='ltr'>Fabric.</span> 
     </span>
     <span class='ocr_line' id='line_1_27' title="bbox 224 1977 1357 2027; baseline 0.006 -11"><span class='ocrx_word' id='word_1_183' title='bbox 224 1982 271 2020; x_wconf 86' lang='grc' dir='ltr'>Β.</span> <span class='ocrx_word' id='word_1_184' title='bbox 292 1977 356 2018; x_wconf 88' lang='lat' dir='ltr'>Gr.</span> <span class='ocrx_word' id='word_1_185' title='bbox 380 1982 457 2016; x_wconf 89' lang='lat' dir='ltr'>vol.</span> <span class='ocrx_word' id='word_1_186' title='bbox 479 1982 545 2016; x_wconf 87' lang='lat' dir='ltr'>XI.</span> <span class='ocrx_word' id='word_1_187' title='bbox 568 1990 654 2027; x_wconf 80' lang='lat' dir='ltr'>pag.</span> <span class='ocrx_word' id='word_1_188' title='bbox 675 1979 769 2025; x_wconf 80' lang='lat'><em>677.</em></span> <span class='ocrx_word' id='word_1_189' title='bbox 792 1980 869 2026; x_wconf 81' lang='lat' dir='ltr'>sqq.</span> <span class='ocrx_word' id='word_1_190' title='bbox 896 1982 944 2016; x_wconf 89' lang='lat' dir='ltr'>de</span> <span class='ocrx_word' id='word_1_191' title='bbox 958 1981 1097 2027; x_wconf 79' lang='lat' dir='ltr'>priore</span> <span class='ocrx_word' id='word_1_192' title='bbox 1111 1992 1239 2021; x_wconf 87' lang='lat' dir='ltr'>autem</span> <span class='ocrx_word' id='word_1_193' title='bbox 1258 1986 1357 2023; x_wconf 79' lang='lat' dir='ltr'>eius-</span> 
     </span>
     <span class='ocr_line' id='line_1_28' title="bbox 226 2033 1363 2089; baseline 0.004 -17"><span class='ocrx_word' id='word_1_194' title='bbox 226 2047 303 2083; x_wconf 87' lang='lat' dir='ltr'>que</span> <span class='ocrx_word' id='word_1_195' title='bbox 319 2041 545 2083; x_wconf 85' lang='lat' dir='ltr'>argumento</span> <span class='ocrx_word' id='word_1_196' title='bbox 567 2042 605 2070; x_wconf 87' lang='lat' dir='ltr'>et</span> <span class='ocrx_word' id='word_1_197' title='bbox 623 2033 838 2071; x_wconf 79' lang='lat' dir='ltr'>diuersitate</span> <span class='ocrx_word' id='word_1_198' title='bbox 855 2035 1008 2082; x_wconf 84' lang='lat' dir='ltr'>copiose</span> <span class='ocrx_word' id='word_1_199' title='bbox 1017 2038 1093 2087; x_wconf 80' lang='lat' dir='ltr'>egit</span> <span class='ocrx_word' id='word_1_200' title='bbox 1107 2035 1363 2089; x_wconf 75' lang='lat' dir='ltr'>Baumgartm</span> 
     </span>
     <span class='ocr_line' id='line_1_29' title="bbox 230 2089 1364 2140; baseline 0.006 -13"><span class='ocrx_word' id='word_1_201' title='bbox 230 2090 272 2129; x_wconf 88' lang='lat' dir='ltr'>in</span> <span class='ocrx_word' id='word_1_202' title='bbox 296 2089 554 2128; x_wconf 88' lang='lat' dir='ltr'>Nachrichten</span> <span class='ocrx_word' id='word_1_203' title='bbox 581 2101 661 2126; x_wconf 89' lang='lat' dir='ltr'>von</span> <span class='ocrx_word' id='word_1_204' title='bbox 692 2089 1006 2140; x_wconf 72' lang='lat' dir='ltr'>merkwiirdigen</span> <span class='ocrx_word' id='word_1_205' title='bbox 1035 2094 1232 2138; x_wconf 79' lang='lat' dir='ltr'>Biichern,</span> <span class='ocrx_word' id='word_1_206' title='bbox 1268 2105 1364 2135; x_wconf 49' lang='lat' dir='ltr'>tona</span> 
     </span>
     <span class='ocr_line' id='line_1_30' title="bbox 232 2143 1362 2199; baseline 0.009 -19"><span class='ocrx_word' id='word_1_207' title='bbox 232 2143 299 2184; x_wconf 90' lang='lat' dir='ltr'>VI.</span> <span class='ocrx_word' id='word_1_208' title='bbox 322 2159 358 2194; x_wconf 87' lang='lat' dir='ltr'>p.</span> <span class='ocrx_word' id='word_1_209' title='bbox 381 2153 462 2192; x_wconf 84' lang='lat'>425</span> <span class='ocrx_word' id='word_1_210' title='bbox 487 2163 537 2171; x_wconf 90' lang='lat'>—</span> <span class='ocrx_word' id='word_1_211' title='bbox 563 2152 657 2193; x_wconf 76' lang='lat'><strong>452·</strong></span> <span class='ocrx_word' id='word_1_212' title='bbox 675 2144 739 2182; x_wconf 90' lang='lat' dir='ltr'>vbi</span> <span class='ocrx_word' id='word_1_213' title='bbox 764 2157 919 2194; x_wconf 85' lang='lat' dir='ltr'>quoque</span> <span class='ocrx_word' id='word_1_214' title='bbox 937 2148 1128 2186; x_wconf 79' lang='lat' dir='ltr'>Fabricius</span> <span class='ocrx_word' id='word_1_215' title='bbox 1151 2151 1362 2199; x_wconf 86' lang='lat' dir='ltr'>suppletur.</span> 
     </span>
     <span class='ocr_line' id='line_1_31' title="bbox 231 2197 1361 2249; baseline 0.009 -12"><span class='ocrx_word' id='word_1_216' title='bbox 231 2219 286 2229; x_wconf 92' lang='lat'><strong>—</strong></span> <span class='ocrx_word' id='word_1_217' title='bbox 316 2204 419 2238; x_wconf 89' lang='lat' dir='ltr'>Idem</span> <span class='ocrx_word' id='word_1_218' title='bbox 454 2197 707 2248; x_wconf 80' lang='lat' dir='ltr'>Bamngarten</span> <span class='ocrx_word' id='word_1_219' title='bbox 738 2208 803 2237; x_wconf 83' lang='lat' dir='ltr'>aut</span> <span class='ocrx_word' id='word_1_220' title='bbox 832 2202 958 2249; x_wconf 86' lang='lat' dir='ltr'>potius</span> <span class='ocrx_word' id='word_1_221' title='bbox 987 2205 1082 2241; x_wconf 88' lang='lat' dir='ltr'>alius</span> <span class='ocrx_word' id='word_1_222' title='bbox 1112 2211 1160 2242; x_wconf 88' lang='lat' dir='ltr'>V.</span> <span class='ocrx_word' id='word_1_223' title='bbox 1195 2209 1240 2243; x_wconf 89' lang='lat' dir='ltr'>D.</span> <span class='ocrx_word' id='word_1_224' title='bbox 1267 2204 1361 2247; x_wconf 76' lang='lat' dir='ltr'>ibit&#39;i.</span> 
     </span>
     <span class='ocr_line' id='line_1_32' title="bbox 234 2256 1365 2313; baseline 0.004 -19"><span class='ocrx_word' id='word_1_225' title='bbox 234 2268 323 2307; x_wconf 83' lang='lat' dir='ltr'>pag.</span> <span class='ocrx_word' id='word_1_226' title='bbox 355 2264 449 2306; x_wconf 80' lang='lat'>497.</span> <span class='ocrx_word' id='word_1_227' title='bbox 481 2275 518 2282; x_wconf 93' lang='lat'><em>-</em></span> <span class='ocrx_word' id='word_1_228' title='bbox 563 2262 642 2304; x_wconf 85' lang='lat'>515</span> <span class='ocrx_word' id='word_1_229' title='bbox 666 2256 819 2304; x_wconf 88' lang='lat' dir='ltr'>copiose</span> <span class='ocrx_word' id='word_1_230' title='bbox 839 2257 1015 2295; x_wconf 85' lang='lat' dir='ltr'>describit</span> <span class='ocrx_word' id='word_1_231' title='bbox 1033 2256 1207 2309; x_wconf 67' lang='lat' dir='ltr'>&#39;Syluestri</span> <span class='ocrx_word' id='word_1_232' title='bbox 1229 2260 1365 2313; x_wconf 75' lang='lat' dir='ltr'>Sguro·</span> 
     </span>
     <span class='ocr_line' id='line_1_33' title="bbox 231 2311 1368 2363; baseline 0.01 -16"><span class='ocrx_word' id='word_1_233' title='bbox 231 2311 336 2363; x_wconf 73' lang='lat' dir='ltr'>puli,</span> <span class='ocrx_word' id='word_1_234' title='bbox 377 2313 504 2362; x_wconf 80' lang='lat' dir='ltr'>magni</span> <span class='ocrx_word' id='word_1_235' title='bbox 535 2311 824 2358; x_wconf 85' lang='lat' dir='ltr'>ecclefiarchae‚</span> <span class='ocrx_word' id='word_1_236' title='bbox 854 2321 969 2362; x_wconf 84' lang='lat' dir='ltr'>atque</span> <span class='ocrx_word' id='word_1_237' title='bbox 1001 2318 1113 2354; x_wconf 81' lang='lat' dir='ltr'>vnius</span> <span class='ocrx_word' id='word_1_238' title='bbox 1135 2329 1156 2354; x_wconf 90' lang='lat' dir='ltr'>e</span> <span class='ocrx_word' id='word_1_239' title='bbox 1176 2321 1222 2356; x_wconf 90' lang='lat' dir='ltr'>V.</span> <span class='ocrx_word' id='word_1_240' title='bbox 1242 2320 1368 2357; x_wconf 83' lang='lat' dir='ltr'>cruci-</span> 
     </span>
     <span class='ocr_line' id='line_1_34' title="bbox 235 2366 1368 2418; baseline 0.006 -14"><span class='ocrx_word' id='word_1_241' title='bbox 235 2366 334 2418; x_wconf 83' lang='lat' dir='ltr'>geris</span> <span class='ocrx_word' id='word_1_242' title='bbox 357 2376 393 2405; x_wconf 87' lang='lat' dir='ltr'>et</span> <span class='ocrx_word' id='word_1_243' title='bbox 412 2369 550 2406; x_wconf 86' lang='lat' dir='ltr'>intimis</span> <span class='ocrx_word' id='word_1_244' title='bbox 570 2368 790 2405; x_wconf 82' lang='lat' dir='ltr'>confiliariis</span> <span class='ocrx_word' id='word_1_245' title='bbox 811 2371 1048 2417; x_wconf 79' lang='lat' dir='ltr'>patriarchae</span> <span class='ocrx_word' id='word_1_246' title='bbox 1069 2373 1368 2413; x_wconf 83' lang='lat' dir='ltr'>CP01itaniCon-</span> 
     </span>
     <span class='ocr_line' id='line_1_35' title="bbox 237 2419 1369 2481; baseline 0.001 -22"><span class='ocrx_word' id='word_1_247' title='bbox 237 2422 314 2459; x_wconf 77' lang='lat' dir='ltr'>ciiii</span> <span class='ocrx_word' id='word_1_248' title='bbox 344 2420 545 2461; x_wconf 76' lang='lat' dir='ltr'>Florentini</span> <span class='ocrx_word' id='word_1_249' title='bbox 578 2419 836 2472; x_wconf 65' lang='lat' dir='ltr'>emc‘Ytffi&#39;mam</span> <span class='ocrx_word' id='word_1_250' title='bbox 865 2422 1072 2474; x_wconf 47' lang='lat' dir='ltr'>histos-mn„</span> <span class='ocrx_word' id='word_1_251' title='bbox 1099 2441 1233 2478; x_wconf 71' lang='lat' dir='ltr'>graece</span> <span class='ocrx_word' id='word_1_252' title='bbox 1254 2433 1369 2481; x_wconf 74' lang='lat' dir='ltr'>scrip-</span> 
     </span>
     <span class='ocr_line' id='line_1_36' title="bbox 238 2480 1365 2536; baseline 0.004 -20"><span class='ocrx_word' id='word_1_253' title='bbox 238 2488 314 2516; x_wconf 83' lang='lat' dir='ltr'>tam</span> <span class='ocrx_word' id='word_1_254' title='bbox 338 2492 421 2517; x_wconf 85' lang='lat' dir='ltr'>cum</span> <span class='ocrx_word' id='word_1_255' title='bbox 442 2480 613 2518; x_wconf 84' lang='lat' dir='ltr'>versione</span> <span class='ocrx_word' id='word_1_256' title='bbox 634 2481 749 2518; x_wconf 80' lang='lat' dir='ltr'>latina</span> <span class='ocrx_word' id='word_1_257' title='bbox 772 2482 950 2530; x_wconf 74' lang='lat' dir='ltr'>notisque</span> <span class='ocrx_word' id='word_1_258' title='bbox 977 2480 1133 2520; x_wconf 37' lang='lat' dir='ltr'>Robertif</span> <span class='ocrx_word' id='word_1_259' title='bbox 1151 2482 1365 2536; x_wconf 80' lang='lat' dir='ltr'>Creyhthon,</span> 
     </span>
     <span class='ocr_line' id='line_1_37' title="bbox 238 2538 1367 2591; baseline 0.007 -19"><span class='ocrx_word' id='word_1_260' title='bbox 238 2538 368 2585; x_wconf 79' lang='lat' dir='ltr'>Hagae</span> <span class='ocrx_word' id='word_1_261' title='bbox 421 2538 610 2574; x_wconf 87' lang='lat' dir='ltr'>Comitum</span> <span class='ocrx_word' id='word_1_262' title='bbox 631 2566 644 2582; x_wconf 92' lang='lat'>‚</span> <span class='ocrx_word' id='word_1_263' title='bbox 696 2548 740 2589; x_wconf 80' lang='lat' dir='ltr'>ex</span> <span class='ocrx_word' id='word_1_264' title='bbox 769 2539 1020 2588; x_wconf 76' lang='lat' dir='ltr'>typographia</span> <span class='ocrx_word' id='word_1_265' title='bbox 1051 2539 1209 2580; x_wconf 83' lang='lat' dir='ltr'>Adriani</span> <span class='ocrx_word' id='word_1_266' title='bbox 1236 2547 1367 2591; x_wconf 70' lang='lat' dir='ltr'>Vlacq.</span> 
     </span>
     <span class='ocr_line' id='line_1_38' title="bbox 240 2589 545 2630; baseline 0.007 -2"><span class='ocrx_word' id='word_1_267' title='bbox 240 2589 359 2630; x_wconf 84' lang='lat'>1660.</span> <span class='ocrx_word' id='word_1_268' title='bbox 381 2593 459 2630; x_wconf 84' lang='lat' dir='ltr'>min</span> <span class='ocrx_word' id='word_1_269' title='bbox 477 2592 545 2630; x_wconf 83' lang='lat' dir='ltr'>fol.</span> 
     </span>
    </p>
   </div>
   <div class='ocr_carea' id='block_1_5' title="bbox 0 0 36 2375">
    <p class='ocr_par' dir='ltr' id='par_1_7' title="bbox 0 0 36 2375">
     <span class='ocr_line' id='line_1_39' title="bbox 0 0 36 2375; baseline 0 0"><span class='ocrx_word' id='word_1_270' title='bbox 0 0 36 2375; x_wconf 95' lang='lat' dir='ltr'> </span> 
     </span>
    </p>
   </div>
  </div>
 </body>
</html>
