1686 3025
591 204 875 255 LVCIANVS.
1264 219 1352 269 191
1374 265 1375 268 Ἴ

106 337 167 383 est
187 333 486 395 plurimarum,
505 349 615 393 quae
638 333 925 392 subsequutae
948 329 1064 384 sunt,
1094 330 1356 377 editionum.

104 406 270 451 Prioris
307 402 558 460 exemplum
598 402 767 456 habeo,
818 402 887 444 cui
923 400 975 443 ab
1011 401 1189 457 antiqua
1222 413 1355 442 manu

108 471 321 530 quaedam
348 467 496 527 paffim
518 470 732 526 adscripta
760 467 874 511 sunt.
903 489 968 502 --·
1011 469 1187 513 Iuntina
1208 476 1358 511 tamen

108 554 266 598 graeca
302 554 404 582 cura
441 536 629 581 Antonii
662 536 860 580 Francini
892 535 1089 579 Venetiis
1127 548 1267 593 1535.
1300 536 1356 578 ΙΙ.

108 605 226 651 Voll.
251 608 298 649 in
324 611 364 657 8.
390 605 494 648 licet:
523 604 750 648 interdurn
779 602 1070 659 interpolata,
1102 600 1359 647 florentina

108 689 264 732 parum
285 674 470 717 inferior
502 668 589 714 effe
619 672 781 715 dicitur
814 684 836 712 a
866 671 1051 716 Reitzio.
1082 694 1140 703 —
1208 671 1361 728 Hage-

109 756 280 785 noanae
313 738 450 795 1526.
477 746 524 782 et
554 739 767 797 1535.i'r1
800 742 843 787 8.
877 734 1124 783 laudantur.
1158 760 1213 771 -·
1285 739 1362 780 Ba·
1412 750 1418 755 ·

110 806 237 851 fileae
277 805 488 850 Lucianus
534 806 767 863 quinquies
806 802 952 847 lucem
980 804 1094 847 vidit
1140 814 1278 861 1545.
1315 815 1364 849 et

118 887 135 916 1
151 888 259 932 555,
283 888 452 933 graece,
489 871 709 928 posterior
735 871 875 915 editio
899 887 922 914 a
950 872 1101 928 priore
1134 872 1363 916 interdum

111 939 311 997 recedit,
344 940 577 996 aliquoties
612 936 848 982 meliorem
882 937 1063 982 exhibet
1095 936 1363 994 lec‘iionem3
1390 948 1392 950 ’

110 1008 386 1066 frequentius
411 1015 560 1051 tamen
582 1006 742 1063 prioris
753 1005 856 1049 vitia
873 1013 1031 1064 auget3
1047 1028 1106 1037 -
1126 1012 1223 1049 tum
1237 1021 1364 1065 grae-

113 1090 165 1120 ce
195 1082 242 1121 et
261 1073 397 1120 latine
426 1073 516 1130 156
526 1088 566 1132 3.
595 1079 641 1125 8·
666 1087 766 1117 cum
789 1074 909 1118 notis
934 1072 1114 1131 Cognati
1145 1081 1192 1118 et
1220 1071 1363 1116 leuio-

111 1145 234 1188 ribus
277 1140 332 1184 Io.
359 1136 552 1186 sambuci
562 1155 576 1183 .·
610 1156 720 1198 quae
741 1142 932 1198 repetita
971 1138 1057 1190 est,
1091 1139 1200 1187 ibid.
1238 1141 1359 1184 1602

116 1219 164 1255 et
196 1211 334 1269 1619.
358 1217 549 1267 quatuor
568 1207 676 1253 voll.
702 1214 745 1273 85
780 1229 824 1237 -
905 1209 1106 1252 Francof.
1128 1223 1194 1267 gr.
1225 1220 1240 1249 1
1256 1210 1365 1266 546.

113 1279 170 1321 ΙΙ.
192 1284 305 1322 tom.
331 1278 378 1320 in
400 1280 542 1320 forma
572 1277 764 1319 minore.
800 1296 844 1307 —
930 1277 1092 1320 Venet.
1128 1290 1195 1334 gr.
1226 1287 1369 1333 1550.

116 1347 173 1390 ΙΙ.
204 1342 309 1387 voll.
355 1349 398 1394 8.
434 1368 492 1377 —
558 1345 677 1386 Turn
709 1338 1002 1384 Bourdelotius
1037 1357 1091 1386 ex
1137 1343 1268 1386 codd.
1304 1344 1370 1388 vti

116 1411 343 1463 iaffitauit,
377 1408 515 1453 multa
537 1410 793 1454 emendauit
824 1418 872 1453 et
908 1409 1143 1466 suppleuit,
1177 1417 1224 1455 et
1261 1410 1370 1463 suas-5

117 1480 231 1525 item
252 1477 488 1522 Theodori
507 1475 692 1520 Marcilii
713 1483 760 1520 et
788 1474 978 1520 Gilberti
1000 1477 1196 1535 Cognati
1224 1486 1369 1531 notas,

118 1547 376 1602 iudicesque
396 1544 570 1593 adiecit,
602 1559 668 1602 gr.
701 1550 748 1587 et
783 1541 857 1588 lat.
888 1545 1034 1588 Lutet.
1066 1542 1194 1587 Paris.
1233 1544 1372 1603 1615.

121 1612 204 1662 fol.
264 1613 450 1670 Elegans
491 1609 552 1652 est
583 1609 746 1660 editio,
781 1609 855 1652 sed
884 1625 906 1653 a
939 1612 1107 1666 Tanaq.
1138 1613 1279 1654 Fabro
1314 1614 1370 1656 ad

120 1680 300 1724 Luciani
322 1679 565 1721 Timonem
592 1691 627 1721 e.
658 1690 695 1719 1.
728 1674 1040 1720 Bourdelotius
1072 1675 1199 1720 valde
1231 1677 1376 1736 culpa-

120 1756 210 1793 tur.
245 1768 313 1779 --·
377 1745 567 1804 Egregia
602 1749 649 1788 et
689 1740 999 1802 castigatissima
1034 1741 1095 1786 est
1141 1744 1280 1789 editio
1316 1745 1376 1791 Io.

122 1808 359 1868 Βενιεαῖἱῦἶὶ,
409 1827 475 1871 gr.
498 1820 545 1857 et
564 1809 638 1855 lat.
665 1808 865 1854 Salmurii
899 1809 1037 1868 1619.
1070 1816 1112 1862 8.
1144 1811 1199 1857 ΙΙ.
1237 1813 1372 1859 Το111.

124 1892 191 1916 ·--
226 1876 502 1925 Vitiofiffima
532 1893 640 1922 vero
677 1876 738 1920 est
771 1890 838 1936 gr.
877 1885 924 1922 et
941 1876 1016 1922 lat.
1044 1893 1144 1922 cum
1167 1880 1286 1923 notis
1307 1881 1374 1923 in-

123 1943 739 2009 tegris10.Bourdelotii,lac.
755 1943 958 1988 Palmerii
983 1961 1006 1988 a
1030 1947 1374 2000 Grentemesnil‚

125 2020 237 2062 Tan.
280 2016 433 2067 Fabri,
477 2014 654 2073 Aegidii
687 2014 907 2071 Menagfi,
942 2016 1088 2057 Franc.
1124 2014 1298 2073 Gujeti,
1341 2017 1378 2061 Ι.

127 2082 506 2142 Georg.Graeuii,
535 2081 613 2123 lac,
645 2081 878 2133 Gronoufi,
914 2081 1061 2126 Lamb.
1086 2079 1267 2134 Barlaei,
1289 2084 1374 2127 lac.

126 2149 264 2195 Tollii
289 2157 336 2193 et
358 2148 524 2192 selectis
551 2146 750 2197 aliorum,
785 2147 1002 2191 accedunt
1025 2149 1192 2192 inedita
1215 2148 1377 2193 scholia

129 2220 177 2262 in
211 2208 450 2261 L'ucianum
482 2230 535 2258 ex
572 2213 840 2258 bibliotheca
865 2216 918 2258 [s.
955 2212 1106 2274 Voffii‚
1140 2214 1381 2264 Amstelod.

141 2286 280 2340 1687.
308 2290 350 2335 8.
371 2283 495 2340 (cura
520 2280 553 2324 Ι.
578 2281 753 2332 Clerici)
773 2305 836 2312 —
868 2278 1222 2337 Locupletisfima
1241 2295 1386 2328 econ-

137 2353 275 2395 trario
290 2358 336 2394 et
349 2353 517 2407 optima
530 2351 597 2394 ed.
613 2348 687 2402 est,
702 2372 768 2381 —-
783 2363 881 2391 cum
894 2363 1011 2391 noua
1022 2347 1223 2393 verfione
1244 2345 1384 2396 Tiber.

136 2413 428 2472 Hemsterhufii
444 2428 483 2459 et
506 2415 565 2462 Io.
592 2413 808 2459 Matthiae
829 2415 1028 2469 Gesneri,
1062 2418 1228 2474 graecis
1260 2418 1384 2462 scho-

137 2484 203 2528 liis
226 2499 273 2528 ac
301 2486 420 2529 notis
440 2486 641 2529 omniurn
659 2486 886 2543 proximae
912 2484 1123 2530 editionis
1158 2499 1389 2530 commen-

1269 2562 1387 2599 tato-
