1686 3025
305 337 414 393 278-
501 325 796 377 DJONYSJVS
818 300 1040 377 casnm
1059 330 1355 380 LONGINVS.

302 457 362 502 de
398 456 601 513 scriptor,
636 453 919 514 hist-philos.
950 455 1027 502 111.
1072 470 1144 503 14·
1181 427 1219 513 §i
1260 471 1309 516 4.
1344 474 1441 518 pag.
1482 464 1560 518 89.'

299 526 436 575 Quod
462 523 632 567 adultus
656 539 755 567 cum
783 527 1036 581 parentibus
1060 524 1217 569 multas
1249 527 1458 585 regiones
1488 541 1574 570 vr·-

300 593 472 648 besque
494 591 616 643 adiit,
651 591 867 644 Athenis,
905 594 1095 652 Romae,
1130 602 1178 637 et
1214 591 1305 636 aliis
1336 592 1444 637 locis
1478 594 1562 638 do—

301 656 531 704 &iffimum
556 674 775 716 quemque
799 661 966 704 audiuit
989 659 1303 717 philosophum
1341 669 1389 705 et
1409 659 1569 705 theto-

305 740 436 782 rem,
474 741 574 769 cum
603 728 754 783 primis
775 729 1062 772 Ammonium
1084 729 1256 772 Saccam
1295 735 1428 785 atque
1461 728 1566 773 Ori-

301 807 482 852 genem‚
506 809 696 851 quorum
708 801 857 838 tamen
876 794 1215 852 philosophandi
1228 797 1448 840 rationem
1470 810 1566 840 non

303 875 389 918 per
412 863 559 905 omnia
583 863 814 918 probabat,
849 863 1014 906 diutius
1051 862 1250 916 sedimus,
1285 861 1591 920 philosophia·

302 935 454 972 autem
476 927 698 973 Platonica
732 944 838 986 prae
860 932 1018 974 ceteris
1042 928 1278 975 delectatus
1300 929 1376 973 est.
1444 928 1577 974 Post--

306 1010 358 1040 ea
385 1010 494 1039 vero
531 1011 660 1053 quam
692 995 965 1041 litteraturae
1002 999 1238 1054 antiquae,
1290 998 1468 1050 criticae
1501 1004 1571 1042 at-

304 1078 397 1121 que
419 1062 702 1120 eloquentiae
727 1063 867 1108 studio
893 1064 934 1108 se
961 1072 1110 1108 totum
1136 1065 1345 1109 tradidit:
1389 1064 1566 1123 ingenii

301 1128 518 1175 felicitate
538 1132 710 1175 adiutus
731 1133 1112 1181 tantamnominis
1137 1130 1442 1176 celebritatem
1465 1132 1569 1175 ade-

302 1206 411 1255 ptus
447 1197 531 1254 est,
565 1206 614 1241 vt
638 1198 798 1253 spirans
821 1197 1090 1243 bibliotheca
1114 1202 1163 1242 ac
1189 1200 1339 1240 viuum
1363 1199 1567 1244 Museum

305 1267 362 1309 ab
384 1263 576 1324 Eunapio
602 1265 649 1306 in
671 1264 760 1307 vita
778 1262 1012 1321 Porphyrii
1035 1279 1133 1322 pag.
1159 1277 1235 1321 23.
1260 1264 1484 1308 diceretur
1505 1267 1587 1322 *)‚'
1618 1261 1623 1267 ’

307 1333 439 1388 eique
452 1329 657 1390 Athenis9
686 1331 760 1373 vbi
778 1345 872 1375 non
896 1331 1035 1375 modo
1050 1329 1386 1388 philosophiam,
1409 1332 1473 1376 vti
1487 1329 1573 1373 Va-

305 1397 396 1454 lcfio
419 1398 472 1442 ad
496 1397 648 1441 Euseb.
664 1400 722 1440 H.
740 1400 785 1441 E.
811 1400 885 1443 VL
909 1410 976 1455 19.
993 1407 1039 1442 et
1051 1398 1106 1445 de
1120 1397 1233 1444 Crit.
1257 1399 1292 1448 I.
1316 1411 1371 1455 17
1386 1397 1582 1458 placuit‚j

304 1466 386 1511 sed
402 1466 534 1510 etiam
551 1461 796 1508 Ruhnlwnio
821 1466 870 1508 in
892 1462 984 1509 diss.
1007 1467 1063 1509 de
1087 1465 1295 1526 Longino
1320 1467 1363 1518 ᾗ.
1394 1467 1571 1512 Vunet

303 1532 385 1579 IX.
410 1531 760 1590 demonstrante,
797 1541 939 1579 artem
962 1534 1158 1579 criticam
1171 1549 1220 1578 ac
1238 1535 1570 1593 grammaticam

308 1602 483 1653 docuit,
515 1600 571 1645 de
595 1601 820 1647 veteribus
843 1608 890 1645 et
924 1599 1045 1645 libris
1083 1601 1305 1646 iudicandi
1336 1602 1572 1661 permitte

307 1677 438 1714 retur
462 1665 668 1725 potestas.
738 1666 971 1724 Postquam
995 1667 1180 1713 Athenis
1215 1683 1440 1726 magnam
1450 1669 1570 1734 vitae
1640 1682 1641 1695 1

307 1743 485 1795 partem
509 1730 748 1793 exegisset3
811 1735 858 1776 in
879 1736 1102 1779 orientem
1128 1735 1260 1790 abiit,
1295 1742 1342 1779 et
1377 1727 1570 1779 nominis

306 1812 444 1860 atque
477 1800 742 1845 eruditionis
767 1803 878 1844 fama
896 1798 973 1843 fibi
995 1792 1250 1846 conciliauit
1275 1802 1570 1846 fauoremZe·

305 1872 485 1922 nobiae,
521 1868 717 1912 Orientis
731 1868 938 1927 reginae,
974 1883 1103 1926 quae,
1129 1866 1226 1927 post
1245 1869 1574 1930 Odaenathum,

307 1953 468 1997 regem
506 1933 899 1994 Palmyrenorum,
956 1937 1163 1980 maritum
1203 1935 1327 1981 suum
1365 1935 1581 1994 occisum,¹

308 2007 549 2062 imperium
574 1998 795 2058 capessiuit
817 2009 863 2046 et
883 2001 1084 2059 protulit.
1148 2000 1226 2045 Illa
1249 2003 1385 2063 igitur
1406 2001 1573 2064 Longi·

309 2087 450 2125 num,
482 2072 601 2116 cuius
636 2068 776 2112 doctis
813 2068 1573 2116 confabulationibus'delestaretur

310 2148 359 2185 et
382 2140 502 2183 cuius
525 2152 659 2195 opera
681 2144 885 2183 vteretur
911 2143 1007 2181 tum
1028 2139 1074 2181 in
1106 2137 1379 2182 addiscendis
1409 2136 1572 2183 litteris

312 2223 382 2268 gr.
402 2216 501 2252 tum
530 2206 576 2247 in
614 2204 851 2250 formandis
887 2203 1133 2249 liberorum
1164 2206 1318 2249 animis
1352 2205 1572 2251 moribus·

312 2290 431 2332 que,
466 2271 706 2328 Palmyram
727 2272 960 2326 euocauit,
1002 2281 1164 2330 atque,
1198 2271 1423 2329 perspecta
1454 2271 1571 2316 illius

310 2342 551 2400 prudentia
578 2348 625 2384 et
647 2340 907 2398 sagacitate,
941 2340 1037 2397 post
1059 2341 1296 2397 imperium
1319 2339 1570 2397 susceptum

312 2410 463 2452 omnia
488 2422 587 2452 cum
614 2422 669 2449 eo
696 2406 868 2452 miscuit
889 2406 1090 2451 consilia:
1131 2407 1252 2464 quod
1283 2407 1465 2464 quidem
1489 2423 1573 2451 no

312 2475 402 2523 stro
435 2478 518 2523 fuit
555 2475 782 2535 perniciei.
861 2476 1057 2520 Zenobia
1090 2476 1210 2522 enim
1242 2475 1294 2519 ab
1329 2473 1572 2525 Aureliano

1430 2543 1575 2600 impe-

366 2639 409 2689 .¹¹)
437 2642 550 2682 Conf-
572 2656 664 2682 vcro
697 2640 790 2681 Ὶηη.
819 2639 983 2682 Ραόντιηι
1002 2644 1050 2683 ad
1076 2644 1239 2697 Longin.
1258 2656 1299 2682 π.
1322 2658 1358 2683 v.
1388 2641 1470 2686 seft.
1503 2644 1572 2683 111

425 2712 512 2752 pag
540 2702 605 2747 18
629 2703 688 2739 cd·
708 2701 843 2739 'lollii

1632 2605 1685 2662 »⁴

1660 2907 1683 3025 [ι
