1686 3025
208 189 215 195 ⁵
246 229 345 279 340
717 209 1049 263 AMMONIVS.

251 355 331 386 um
353 354 463 385 vero
486 337 713 384 editorum
736 338 789 381 ab
829 336 988 383 Aldina
1022 351 1152 398 quam
1176 333 1425 398 longissime
1447 351 1519 381 re-
1578 337 1584 350 ¹

253 405 377 453 cessit
391 407 532 450 Henr.
552 402 813 467 Stephanus,
862 407 909 450 in
937 405 1198 464 Appendice
1232 407 1285 449 ad
1319 404 1518 449 Lexicon

255 476 289 522 s'.
313 491 383 536 gr.
405 474 545 533 lingu.
566 472 848 524 thesaurum,
892 471 1125 517 Parifinain
1151 465 1532 517 recenfionema'&

256 542 370 588 Lex.
390 543 497 585 Tus.
518 555 557 584 a.
581 553 701 598 1552
727 541 773 584 in
796 541 948 598 primis
976 540 1201 598 sequutus.
1231 563 1297 573 —
1343 540 1525 597 Optima

259 607 465 654 omnium
486 615 534 652 et
556 604 911 665 praestantissima
921 606 993 659 est,
1020 622 1150 665 quam
1163 603 1320 651 Ludou.
1346 602 1526 668 Caspar.

260 673 551 725 Valckenaer,
594 673 739 735 Lugd.
766 677 857 720 Bac.
895 687 1033 734 1739.
1068 689 1117 732 4.
1150 689 1309 735 graece
1341 674 1529 720 curauit.

260 745 327 789 Ex
349 743 457 788 edit.
482 741 665 799 Aldina,
713 743 804 788 MS.
828 750 876 787 et
907 742 1084 786 aliunde
1120 743 1409 787 Ammonium
1443 744 1541 802 fre-¹

267 819 467 870 quenter
489 820 708 868 acuteque
734 809 1020 864 emaculauit,
1066 810 1185 854 notis
1208 805 1458 853 doffiffimis
1482 805 1538 852 il-'

268 878 496 928 lustranst,
577 888 625 924 et
659 877 866 935 opuscula
898 878 1110 935 quaedam
1140 878 1533 937 grammaticorum

268 959 537 1007 graecorum
561 961 614 990 ex
637 946 768 989 codd.
799 945 1002 1002 primum⁴
1025 943 1247 1004 vulgauit,
1304 952 1542 1003 praetereat

269 1015 435 1058 eodem
448 1021 671 1070 ternpore,
705 1022 929 1070 tamquam
941 1011 1130 1056 alterum
1143 1012 1370 1065 volumen,
1385 1012 1538 1056 Anim-

268 1078 585 1125 aduexfionum
627 1081 1011 1140 grammaticarum
1040 1077 1177 1121 libros
1207 1087 1328 1132 tres,
1370 1081 1418 1122 in
1447 1080 1541 1136 qui·
1575 1078 1581 1084 '

273 1150 356 1192 bus
396 1145 619 1204 permulta
651 1155 858 1190 veterum
891 1146 1159 1201 scriptorum
1187 1143 1286 1188 loca
1308 1154 1549 1204 tentantur:

277 1224 328 1259 et
359 1213 689 1263 emendantur,
740 1227 826 1256 vna
862 1226 962 1256 cum
995 1210 1234 1270 specimine
1271 1210 1546 1256 scholiorum

275 1282 333 1327 ad
357 1283 608 1325 Homerum
628 1280 904 1324 ineditorum
926 1294 980 1324 ex
1003 1279 1106 1325 cod.
1143 1275 1353 1324 Voffiano
1375 1272 1552 1326 adiecit.v
1624 1311 1637 1329 x

273 1352 378 1396 Hac
412 1350 634 1402 editione,
690 1346 932 1392 subtilioris
980 1347 1244 1393 eruditionis
1287 1348 1549 1408 ingeniique

278 1415 595 1462 Valkenariani
607 1413 719 1461 teste
736 1411 1098 1473 locupletiffim0‚
1136 1430 1273 1459 nemo
1292 1407 1550 1476 graecarum

277 1484 539 1531 litterarum
559 1484 742 1541 cupidus
765 1483 993 1541 sciensque
1024 1481 1150 1527 facile
1182 1498 1333 1527 carere
1360 1484 1552 1541 poterit.

282 1546 356 1588 -—'
379 1552 524 1599 Valde
545 1549 786 1610 probabilis
811 1558 858 1595 et
879 1552 1116 1595 commoda
1138 1550 1202 1595 est
1225 1551 1395 1608 editio,
1429 1551 1551 1594 cuius

286 1618 399 1665 basis
412 1619 473 1664 est
484 1618 791 1671 Valckeriana,
822 1619 968 1675 paucis
983 1617 1092 1662 locis
1106 1627 1274 1664 mutata
1289 1635 1299 1660 :
1336 1611 1554 1679 Ἀμμωνίες

287 1710 357 1722 -
389 1687 639 1731 Ammonius
661 1681 709 1728 de
732 1682 944 1740 adfinium
968 1680 1263 1728 vocabulorum
1283 1680 1557 1742 dzfferentia‚

289 1768 384 1798 cum
393 1749 563 1812 fi’leeffis
583 1753 625 1795 L.
648 1752 689 1799 C.
715 1750 990 1795 Valckenarii
1009 1753 1121 1795 notis
1142 1762 1271 1814 atquc
1284 1748 1558 1794 animaduer-

279 1818 469 1881 stom'bus
503 1817 645 1864 edidit
671 1815 858 1882 ficusque
895 1814 1206 1877 obseruationes
1243 1816 1404 1862 adieci-t
1435 1814 1559 1862 Chri-

285 1887 420 1955 stoph.
446 1885 571 1936 Frid,
604 1888 808 1942 Ammon,
856 1886 1132 1932 Baruthinus.
1167 1886 1383 1948 Erlangae
1418 1893 1561 1944 1787.

298 1964 344 2011 8.
368 1972 543 2019 graece.
613 1955 666 2000 In
702 1956 830 1999 deusta
859 1958 995 2013 praef.
1026 1957 1174 2014 agitur
1212 1956 1270 1999 de
1299 1956 1561 2008 Ammonio,

297 2027 390 2071 eius
409 2034 557 2070 aetate
582 2033 669 2069 ete.
712 2047 779 2058 --
831 2022 1107 2067 Praeclarum
1141 2026 1314 2067 futurae
1351 2023 1563 2069 editionis

297 2094 548 2152 specimen,
611 2094 658 2136 in
687 2107 778 2150 quo
808 2092 1023 2150 quaedam
1058 2092 1237 2135 vberius
1274 2089 1564 2148 explicantur,

302 2162 518 2221 quaedam
541 2170 691 2206 tamen
714 2161 760 2203 in
790 2162 925 2218 praef.
945 2159 999 2203 ad
1022 2158 1124 2203 libri
1145 2159 1410 2204 editionem*
1426 2167 1567 2202 retra-

302 2231 478 2276 &antur
499 2240 551 2275 et
577 2226 795 2288 copiosius
834 2226 1148 2285 explanantur,
1210 2234 1340 2270 antea
1365 2226 1569 2271 ediderat

303 2299 352 2342 in
380 2300 715 2357 disputatione,
743 2311 815 2340 me
837 2294 1032 2354 praeside
1052 2293 1224 2348 habita;
1277 2293 1569 2338 Animaduer-
1614 2284 1621 2290 ⁶

305 2365 481 2411 fionum
502 2369 549 2411 in
572 2366 786 2425 quaedam
814 2358 1040 2407 Ammonii
1064 2362 1335 2422 grammatici
1362 2359 1460 2406 loca
1486 2359 1571 2418 spi-

305 2434 540 2494 cilegium,
570 2428 797 2492 praemissa
821 2433 945 2476 breui
969 2431 1025 2476 de
1037 2431 1125 2476 vita
1138 2431 1230 2474 eius
1251 2425 1571 2489 disquisitione,
1631 2438 1634 2440 ’

302 2501 524 2562 Erlangae
560 2501 701 2561 1786.
718 2514 766 2558 4.

1368 2577 1417 2623 4.
1452 2561 1573 2610 Con·
