1727 3005
563 234 953 299 PLV'TARCHVs,
1150 301 1160 305 χ
1193 208 1196 209 ⁷
1330 256 1389 304 89

140 375 355 427 strarent,
389 387 471 418 nec
494 388 593 417 raro
617 371 986 418 commacularent
1019 370 1224 416 homines
1255 369 1399 416 labori

141 444 296 487 idonei
323 451 369 486 et
392 443 608 494 inidonei‚
644 452 719 487 aut
742 456 842 486 cum
862 441 1122 498 quibusdam
1137 438 1399 495 Isocratis&

141 508 418 568 aliorumque
440 509 709 554 coniunfflm
731 511 912 566 prodire
940 510 1158 554 iuberent.
1227 509 1289 552 Ex
1301 514 1400 552 tan·

142 585 188 623 ta
211 579 462 622 editionum
483 580 600 620 nube
623 579 823 622 excitabo
847 586 1049 620 tantum:
1101 571 1212 618 Plut.
1248 574 1399 632 opusc.

144 645 201 689 de
227 644 592 690 educat.liberor.
612 659 710 687 cum
723 645 900 687 Luci-ani
919 643 1118 703 dialogis,
1153 645 1400 702 Hagenoae

149 725 167 756 1
183 725 291 770 527.
320 718 362 764 8.
388 713 492 755 edit.
515 726 620 756 rara.
646 727 684 754 v.
709 709 864 769 Engel.
893 710 1014 754 catal.
1052 711 1217 757 libror.»
1244 706 1396 753 rariffi-

144 794 255 823 mor.
281 794 379 838 pag.
404 790 479 826 02.
505 796 558 804 -·
587 778 643 822 de
658 777 893 822 educandis
905 776 1072 834 liberis,
1107 777 1247 837 longe
1260 791 1397 831 nunc,

145 861 275 903 quam
305 846 512 889 haetenus
544 860 751 903 vmquam
783 845 1057 888 emendatius
1086 845 1257 904 editum
1294 859 1396 888 curn

141 913 521 969 interpretatione
536 922 582 958 et
595 912 765 956 scholiis
778 908 949 969 Szffridi
969 909 1090 952 Petri
1103 908 1401 953 ‘Leonardien-

130 978 212 1037 ſss,
256 978 330 1026 lat.
365 995 413 1023 ac
435 995 501 1034 [tr.
537 979 716 1040 linguae
739 982 855 1026 Prof.
875 980 920 1022 in
943 979 1058 1023 acad.
1083 975 1402 1035 Erphordienfi

142 1044 257 1091 Bafil.
284 1063 366 1104 per
386 1049 452 1091 Io.
488 1048 677 1104 Oporin.
710 1048 825 1104 1561
864 1053 910 1099 8.
950 1048 1144 1091 Primum
1173 1043 1314 1102 posita
1340 1043 1403 1088 est

141 1111 286 1158 verfio
307 1114 464 1167 latina,
499 1122 594 1159 turn
620 1123 772 1169 notae,
803 1116 897 1158 non
917 1116 1109 1166 criticae,
1147 1128 1231 1156 nec
1247 1113 1404 1156 admo-

144 1182 252 1227 dum
262 1181 444 1235 multae,
481 1184 675 1240 denique
687 1192 831 1228 textus
845 1199 911 1243 gr.
930 1182 1072 1226 nitide
1089 1176 1325 1238 expreffuS.
1346 1197 1401 1209 -·

145 1249 213 1292 De
233 1249 477 1293 liberorum
498 1251 800 1303 institutione,
847 1265 949 1298 cum
966 1252 1148 1306 praefat.
1166 1246 1286 1296 ‚PhiL
1305 1249 1404 1290 Me-

147 1313 421 1361 lanchthone
447 1334 511 1376 gr.
533 1334 599 1374 ap.
628 1318 817 1361 Euchor.
847 1314 1199 1368 Ceruffiornum,
1239 1313 1405 1359 Colon-

157 1395 286 1441 1519.
306 1397 350 1440 4.
386 1400 443 1412 -
477 1388 666 1427 Francos
698 1399 712 1428 1
727 1398 834 1441 574.
859 1399 909 1442 4.
931 1401 984 1429 ex
1007 1385 1076 1428 ed.
1096 1381 1406 1427 Melanchtho·

151 1453 235 1508 nis,
257 1466 323 1510 gr.
338 1451 470 1495 Paris.
492 1452 606 1508 apud
625 1450 828 1495 Wechel.
851 1463 868 1493 1
883 1465 992 1508 547.
1012 1465 1028 1494 1
1043 1450 1152 1507 566.
1165 1465 1280 1506 4..-
1295 1448 1407 1492 ibid.

150 1533 217 1577 gr.
238 1518 351 1577 apud
377 1517 491 1565 Guil.
515 1517 679 1563 Morel.
709 1518 848 1575 1561.
871 1533 918 1575 4.
937 1537 993 1545 -·
1013 1517 1121 1560 ibid.
1147 1532 1212 1576 gr.
1249 1522 1296 1559 et
1326 1514 1404 1559 lat.

150 1600 220 1642 ap.
246 1587 308 1630 Io.
329 1587 448 1627 Bene
477 1609 493 1618 -
533 1592 686 1628 natum
726 1598 865 1641 1577.
890 1599 939 1638 4.
970 1608 1036 1616 —
1069 1599 1120 1627 ex
1145 1580 1409 1627 recensione,

148 1646 372 1708 Francifci
392 1645 609 1701 Fabricii,
652 1648 1000 1695 emendatissime
1032 1651 1140 1693 edit.
1172 1649 1313 1692 studio
1334 1651 1405 1692 Μ.

149 1717 266 1762 Ioan.
295 1715 453 1767 Blocii,
515 1725 697 1776 graece,
750 1718 1041 1776 Magdeburg.
1081 1716 1220 1774 1619.
1243 1731 1291 1774 4.
1338 1734 1417 1749 --·’

152 1801 206 1831 ex
228 1782 488 1830 recensione
515 1793 563 1831 et
589 1800 690 1828 cum
710 1786 828 1828 notis
856 1782 956 1826 Olai
984 1778 1197 1839 Hesjschii.
1218 1824 1220 1826 ,
1244 1780 1411 1840 Lipsiae

159 1865 299 1911 1705.
329 1857 370 1904 8.
403 1875 472 1885 --
506 1868 570 1912 gr.
596 1860 643 1896 et
664 1867 862 1912 german.
884 1862 1016 1909 atque
1041 1866 1142 1894 cum
1165 1858 1264 1895 not.
1292 1850 1412 1894 haud

156 1922 338 1966 eruditis
358 1918 391 1963 I.
414 1920 539 1981 Casp0
567 1916 741 1976 Keydel.
777 1918 1101 1978 Quedlinburg.
1133 1923 1254 1976 1738
1285 1923 1327 1969 8.
1350 1943 1412 1952 --

155 1989 213 2032 de
246 2002 492 2046 puerorum
527 1988 791 2031 educatione
825 1997 871 2032 et
908 1988 963 2030 de
987 1988 1162 2030 ratione
1188 1985 1415 2038 audiendi,

158 2071 226 2116 gr.
249 2064 296 2100 et
322 2055 398 2101 lat.
437 2069 537 2098 cum
571 2051 736 2098 notulis
772 2063 904 2111 atque
936 2054 1177 2102 indicibus,
1226 2051 1417 2096 Breslau.

165 2135 222 2180 17
231 2130 299 2183 38.
332 2136 402 2167 12.
437 2144 506 2167 —
580 2122 757 2178 Optima
778 2130 928 2166 tamen
947 2130 993 2166 et
1019 2117 1260 2178 plenissima
1285 2121 1341 2164 de
1363 2119 1416 2162 li-

159 2192 373 2236 berorum
395 2189 659 2233 educatione
679 2189 819 2233 editio
844 2188 917 2237 est,
954 2203 1083 2246 quam
1097 2189 1281 2237 curauit,
1311 2187 1419 2230 suis·

160 2273 247 2315 que
271 2268 318 2301 et
346 2258 622 2307 Heumanni‚
654 2255 797 2313 (cuius
826 2271 1006 2314 quoque
1041 2270 1158 2298 noua
1194 2257 1418 2311 interpre-

161 2327 272 2369 tatio
294 2324 430 2369 latina
448 2320 653 2378 acceffit,)
692 2338 739 2366 ac
772 2322 984 2382 Xylandri
1017 2321 1418 2374 obseruationibus,

163 2394 287 2435 variis
309 2391 570 2435 lectionibus
594 2392 828 2447 indiceque
856 2392 1007 2448 Rappii
1026 2390 1334 2439 emendatiore
1347 2404 1420 2432 or-

165 2459 289 2502 nauit
305 2452 387 2504 Ia'c.
411 2454 622 2504 Fridcric,
647 2456 948 2518 Heustngerus,
982 2456 1120 2502 homo
1148 2471 1305 2518 graece
1337 2457 1422 2499 do-

305 2558 315 2582 -s
696 2529 727 2569 F
769 2539 792 2583 5
1296 2521 1419 2568 stiffi»

219 2604 258 2651 ³)
285 2616 324 2641 v.
347 2604 455 2644 Fabr·
475 2604 519 2643 Β.
543 2609 609 2645 Gr.
632 2609 712 2646 vol.
732 2610 780 2644 ΙΙ.
803 2620 840 2657 p.
869 2612 960 2653 783·
989 2607 1043 2656 sq.
