1727 3005
305 237 364 284 ει
410 202 413 204 ’
733 227 1121 280 PLVTARCHVS

303 369 390 409 ma,
411 360 458 400 et
478 354 629 398 breuia
654 368 707 398 ex
730 354 887 397 iisdem
910 356 1158 413 fragmenta
1182 353 1229 399 A.
1255 351 1410 398 Gellzus
1430 356 1545 404 NA

303 422 378 468 lib.
401 425 436 468 J
462 438 555 478 cap
584 436 622 478 3
649 427 696 464 et
719 422 812 465 XV.
835 434 929 477 cap
961 434 1032 466 10
1043 415 1237 478 Eusbius
1261 425 1306 466 Ρ.
1335 426 1379 467 E
1396 423 1470 467 lib.
1486 426 1561 467 XI.

305 506 397 548 cap.
426 490 499 549 36
526 488 753 540 adferunt,
787 495 920 545 atque
948 482 1230 544 wyttenbach,
1265 491 1561 548 fragmentum

302 557 382 603 lib.
422 558 478 600 de
511 555 652 597 anima
697 569 750 597 ex
783 556 977 599 Stobaeo
1012 555 1140 598 serm.
1168 556 1320 608 CXIX,
1357 559 1482 613 quod
1514 559 1561 601 in

301 624 481 671 Stobaei
504 622 773 664 editionibus
795 622 1007 666 tribuitur
1029 621 1288 680 Threx-mistio,
1324 621 1560 667 Plutarcho

303 690 570 740 vindicauit,
605 695 650 732 et
673 688 748 731 sub
775 690 866 732 eius
903 690 1086 732 nomine
1120 690 1280 734 adiecit
1311 689 1408 733 suae
1434 691 1563 734 editi-

306 761 384 801 oni
408 753 628 801 Plutarchi
648 753 746 798 libri
770 756 827 799 de
844 755 933 799 sera
946 756 1135 799 numinis
1148 757 1340 800 vindicta
1355 772 1453 817 pag.
1474 771 1579 817 ¹29.

305 826 399 886 sqq
424 823 541 879 (vide
555 823 870 881 eumdempag.
887 824 967 879 92)
999 823 1121 866 idem
1136 831 1287 867 tamen
1305 823 1335 864 H
1332 819 1488 882 yttenb
1491 821 1564 866 zeh

305 891 332 936 l.
360 907 396 936 c.
420 908 462 948 p.
496 904 545 947 13
556 906 583 933 o
606 889 713 933 illud
741 905 765 933 a
798 890 995 937 Fabricio
1012 888 1238 949 vulgatum
1266 894 1565 951 fragmentum

307 954 463 1003 docuit
501 950 588 1000 effe
631 958 883 1001 desumtum
929 972 981 1001 ex
1014 953 1240 999 Plutarchi
1278 960 1326 999 in
1369 948 1598 1000 Platonis'

306 1022 573 1070 Phaedonem
614 1026 926 1077 commentariffl
994 1025 1114 1068 cuius
1143 1024 1230 1082 ipse
1277 1026 1480 1069 meminit
1519 1026 1566 1068 in

307 1091 537 1137 Consolat.
563 1090 616 1135 ad
641 1090 853 1149 Apollon.
877 1106 976 1150 pag.
998 1102 1103 1134 120.
1129 1093 1185 1137 D.
1219 1117 1277 1125 -
1313 1093 1437 1135 Idem
1468 1090 1566 1136 Plu·
1605 1118 1615 1129 ·

308 1160 485 1207 tarchus
527 1159 755 1216 scripserat
784 1159 1155 1203 commentarium
1185 1159 1231 1200 in
1258 1154 1503 1202 Hesiodum
1523 1175 1566 1203 v.

313 1221 594 1284 Wyttenbach.
613 1224 717 1269 loco
753 1226 828 1272 cit.
847 1242 944 1286 pag.
972 1239 1049 1283 25
1078 1224 1297 1269 Plutarchi
1323 1225 1576 1285 fragmenta

312 1294 489 1340 latent
478 1309 525 1338 m
550 1293 695 1339 Procli
707 1304 951 1338 comment.
964 1294 1011 1338 in
1022 1289 1288 1338 Hefiodum.
1300 1308 1343 1339 v.
1365 1286 1569 1350 Myttenb

312 1363 420 1407 ibid.

412 1490 659 1538 Editionmn
684 1495 788 1539 varii
814 1490 992 1554 generis
1032 1499 1081 1539 et
1111 1494 1346 1552 praecipue
1378 1488 1571 1538 nonnul·

314 1563 466 1610 lorum
486 1562 800 1619 opusculorum
825 1572 948 1607 tanta
971 1560 1032 1604 est
1051 1564 1177 1617 copia
1192 1593 1205 1614 ,
1241 1569 1289 1606 vt
1315 1562 1571 1606 cun&arum

316 1631 702 1676 enumerationem
725 1631 773 1672 in
803 1628 882 1672 hac
917 1627 1257 1674 introduffionef
1283 1629 1426 1671 minus
1454 1643 1571 1672 com·

315 1699 497 1743 modam
517 1700 613 1741 fore
636 1696 849 1739 arbitrer:
887 1702 935 1739 et
954 1703 1106 1738 tamen
1140 1702 1287 1740 textus
1323 1696 1370 1737 in
1401 1694 1570 1752 scriptis

317 1767 554 1824 praecipue
579 1761 814 1806 moralibus
834 1762 1036 1805 nondum
1070 1761 1168 1806 satis
1208 1762 1464 1806 emendatus
1493 1761 1570 1806 est.

318 1835 416 1892 Ego
445 1846 554 1876 vero
587 1831 778 1901 primum
813 1825 1122 1886 antiquissimas
1154 1825 1316 1871 latinae
1346 1826 1571 1882 verfionis,

320 1908 419 1945 tum
446 1912 620 1960 graecas
645 1911 893 1956 graecoque
916 1894 1068 1939 latinas
1093 1903 1139 1939 et
1161 1896 1359 1939 omnium
1388 1905 1435 1940 et
1462 1894 1571 1940 mul-

319 1973 475 2022 torum
505 1963 822 2023 opusculorum
847 1962 1028 2007 ἰῡηὲὶίπι
1048 1961 1343 2022 vulgatorum,
1377 1962 1570 2020 denique

321 2036 524 2093 potiores
549 2047 597 2076 ac
615 2033 888 2077 recentiores
910 2028 1175 2090 singularum
1197 2032 1388 2088 partium
1410 2031 1572 2076 editio-

321 2117 401 2146 nes
431 2100 682 2161 persequar.

435 2236 643 2291 Princeps
669 2233 809 2278 editio
830 2231 987 2286 latina,
1021 2234 1222 2293 (graecus
1250 2232 1370 2279 enim
1391 2237 1572 2275 contex-

324 2310 395 2347 tus
420 2302 554 2346 serius
577 2298 727 2359 praelo
753 2298 915 2358 exii&,)
962 2299 1048 2344 est:
1095 2296 1319 2342 Plutarchi
1348 2300 1467 2342 vitae
1492 2308 1573 2360 pa-

327 2367 517 2421 rallelae,
563 2385 584 2412 a
605 2366 784 2413 diuersis
823 2368 1140 2425 interpretibus
1174 2365 1332 2410 latinae
1368 2365 1516 2418 fair-ae,
1549 2380 1574 2408 a

326 2436 363 2480 Ι.
387 2436 437 2480 A.
463 2437 669 2498 Campano
695 2434 900 2478 collec'iae
920 2444 966 2479 et
993 2434 1134 2479 editae
1157 2448 1256 2477 cum
1270 2436 1574 2491 praefat-tom.

327 2505 385 2551 Π.
418 2505 464 2547 in
499 2503 576 2550 fol.
608 2517 799 2562 magno,
847 2499 935 2548 fine
969 2502 1072 2545 anni
1097 2509 1233 2555 nota,
1273 2499 1428 2545 Romae
1461 2498 1576 2556 apud

1427 2564 1579 2614 Vdalr.
