1640 3030
549 258 769 309 THEMLS
779 259 843 308 TI
841 257 919 310 VS.
1267 273 1293 324 3
1306 274 1327 324 3
1341 266 1369 311 ῑῑ

110 390 192 434 mis
228 388 398 433 amabat
432 391 481 443 et
504 382 722 434 imitando
759 388 939 446 adsequi
980 384 1206 442 studebat,
1251 387 1368 447 >neg·-

110 456 236 504 lexin
305 459 406 508 Quo
444 456 605 501 factum
630 455 714 508 est,
749 466 798 502 vt
828 455 956 502 laude
988 464 1036 517 et
1059 453 1367 513 philosophiae

112 534 161 570 et
182 523 468 582 eloquentiae
490 522 692 578 floreret,
724 533 785 576 et,
813 522 920 570 licet
946 523 1053 568 deos
1081 522 1268 575 coleret,
1286 523 1369 566 irn-

111 593 392 650 peratoribus
417 590 655 635 christianis
678 588 1026 636 effetiucundus.
1047 589 1243 635 Primum
1253 591 1375 636 Con·

111 658 400 716 stantinopoli
423 660 583 718 viginti
608 674 747 702 annos
771 658 951 704 docuit:
981 667 1080 705 tum
1093 657 1281 702 Romam
1292 658 1375 701 do·-

113 725 329 771 rnicilium
353 726 607 777 transtulit3
642 734 688 771 at
710 728 836 770 breui
852 725 949 784 post
963 727 1154 772 reuertit
1167 724 1380 772 Constani

115 792 372 854 tinopolin,
405 795 479 837 vbi
500 793 650 851 postea
673 794 824 839 sedem
850 792 944 840 fixit
967 801 1244 852 perpetuam,
1289 795 1378 837 Per

118 862 408 919 quadraginta
435 863 526 904 fere
550 876 688 904 annos
707 861 826 905 suam
845 861 888 905 se
925 876 1108 919 operam
1143 855 1378 905 collocasse

115 929 346 988 gerendae
369 927 636 984 reipublicae
655 935 790 985 atque
810 929 1032 972 obeundis
1056 927 1380 988 legationibus,

23 1028 29 1034 -
116 995 211 1053 ipse
233 996 280 1038 in
297 1002 413 1040 orat.
433 996 548 1040 XXI.
576 995 630 1037 ad
654 996 866 1039 Senatum
900 994 1098 1041 testatur.
1168 993 1387 1038 Constan-

118 1064 225 1117 tius,
263 1063 398 1120 qu'em
429 1063 634 1122 Ancyrae
668 1062 716 1105 in
748 1060 914 1108 Galatia
951 1078 989 1107 a.
1023 1061 1106 1108 Ch.
1148 1075 1260 1122 347.
1293 1062 1387 1120 pri·

102 1136 245 1176 'mum
262 1129 433 1174 adfatus
455 1127 532 1183 est,
568 1144 670 1174 eum
692 1144 728 1174 a.
753 1129 835 1176 Ch.
863 1144 973 1189 355.
1004 1131 1051 1174 in
1071 1131 1283 1176 Senatum
1306 1145 1386 1174 co-

122 1196 312 1256 optauit‚
347 1198 407 1241 ob
434 1199 764 1257 panegyricum,
792 1198 1054 1255 imperatori
1090 1197 1271 1252 dictum,
1303 1196 1384 1242 stae
1442 1241 1450 1252 ἱ

121 1273 200 1311 tua
219 1279 346 1309 aerea
366 1264 554 1323 donauit
574 1265 756 1321 eiusque
778 1264 1104 1323 philosophiam
1124 1266 1303 1324 imperii
1322 1265 1388 1309 sui

125 1339 441 1378 ornamentum
483 1330 736 1388 adpellauit.
831 1331 1023 1390 Iulianus
1072 1347 1176 1378 eum
1213 1335 1388 1391 praefe-

127 1400 249 1444 ‹stura
277 1400 395 1444 vrbis
415 1397 835 1457 Constantinopolis
875 1401 1053 1445 ornauit
1089 1403 1144 1448 A.
1188 1401 1242 1447 C.
1278 1400 1392 1457 3624

127 1483 259 1526 quam
285 1467 559 1526 ‘dignitatem
591 1465 874 1511 Theodosius
909 1470 970 1514 M.
1002 1468 1050 1511 in
1083 1462 1187 1518 eum
1228 1484 1266 1516 a.
1299 1468 1385 1515 Ch.

133 1543 243 1596 384.
263 1536 429 1581 iterum
447 1532 626 1585 detulit,
659 1536 842 1593 eiusque
879 1550 1010 1579 curae
1029 1543 1076 1581 et
1107 1534 1214 1580 fidei
1246 1534 1389 1581 filiurn

128 1603 366 1648 Arcadium
409 1598 629 1645 commifit
670 1603 718 1645 in
755 1603 1049 1648 Occidentem
1092 1603 1391 1660 profecturus.

128 1673 319 1727 Propter
339 1666 640 1725 eloquentiam
664 1677 711 1714 et
722 1671 811 1712 oris
826 1671 1086 1715 suauitatem
1105 1662 1323 1733 ἐυφςοιὸἣς
1343 1678 1394 1716 et

129 1752 154 1783 a
180 1737 404 1798 Gregorio
423 1737 703 1779 Nazianzeno
727 1731 947 1790 βασιλέυς
968 1732 1111 1794 λόγων
1145 1737 1286 1781 didius
1312 1736 1391 1785 est.

231 1818 272 1864 3.
306 1801 567 1862 Superstites
591 1803 691 1848 sunt
718 1803 957 1849 Orationes
977 1805 1175 1852 XXX111.
1199 1811 1249 1850 et
1269 1807 1394 1849 Para-

132 1872 306 1931 phrases
330 1870 551 1915 librorum
574 1871 871 1929 quorumdam
891 1870 1155 1919 Aristotelis.

230 1954 277 2001 4.
313 1940 542 1984 Edit-,iones
567 1934 793 1981 Fabricius
813 1941 860 1983 in
885 1941 932 1984 Β.
958 1936 1036 1984 Gr.
1074 1940 1130 1986 V.
1161 1939 1278 1987 VIII.
1299 1938 1394 1997 (vbi

134 2023 158 2052 a
179 2022 278 2066 pag.
309 2018 348 2050 1.
373 2008 430 2050 de
457 2005 608 2050 nostro
631 2008 747 2066 agit)
771 2022 870 2066 pag,
895 2020 942 2064 7.
956 2006 1048 2064 sqq.
1066 2015 1115 2051 et
1133 2002 1393 2069 Hamberge-

133 2089 208 2119 rus
227 2076 273 2118 in
294 2077 341 2119 Z·
362 2076 416 2118 N.
439 2073 613 2120 Vol.11.
643 2089 742 2134 pag.
789 2080 896 2134 839.
928 2074 1019 2131 sqq.
1050 2075 1291 2133 diligenter
1328 2090 1398 2120 re-

135 2142 421 2187 censuerunt.
485 2143 698 2198 Princeps
721 2140 798 2194 est,
832 2156 933 2187 curn
955 2141 1209 2186 Alexandro
1222 2142 1401 2200 Aphro-

134 2207 329 2262 difienfi,
381 2223 564 2267 graece3
622 2210 823 2253 Venetiis
864 2209 911 2251 in
952 2209 1133 2252 aedibus
1176 2208 1396 2255 heredum

140 2275 245 2324 Aldi
277 2278 487 2328 Memmii,
547 2284 730 2320 curante
771 2271 941 2318 Viffore
983 2274 1268 2331 Trincauello,
1324 2278 1402 2335 qui

143 2344 246 2389 octo
269 2352 443 2389 tantum
470 2345 697 2388 orationes
724 2343 882 2397 edidit,
923 2355 1062 2402 ¹534·
1084 2341 1162 2387 fol.
1194 2368 1254 2377 --
1296 2341 1402 2387 The-

141 2408 276 2464 mistii
301 2435 358 2444 —
385 2414 600 2455 orationes
609 2406 695 2469 fix
725 2406 970 2471 Augustales
1003 2410 1058 2454 ad
1075 2410 1405 2467 Constantium,

143 2479 390 2533 Iouianum,
422 2476 663 2525 Valentem
690 2486 738 2524 et
760 2469 1119 2523 Valentinianum
1153 2480 1208 2524 ΙΙ.
1243 2481 1406 2539 imper.

148 2549 298 2607 Augg.
326 2546 512 2602 habitae,
545 2563 613 2609 gr.
635 2557 682 2594 et
702 2561 821 2600 nunc
843 2547 1036 2608 primum
1054 2545 1240 2595 latinum
1253 2548 1300 2592 in
1320 2548 1406 2594 ser·

1224 2630 1409 2665 monem,
