1686 3025
220 228 244 260 2
257 229 277 276 3
291 228 315 259 2
663 210 1017 260 ATHENAEVS.

318 352 361 384 2.
391 337 668 389 Naucratim,
724 338 1000 398 Aegyptius,
1061 338 1378 384 Grammaticus
1401 335 1474 384 'ei

156 438 158 443 ·
213 406 440 465 Sophista‚
470 420 605 463 quem
627 403 708 449 cel.
729 404 839 448 Saxe
859 407 906 448 in
921 404 1211 451 Onom.lit.1.
1233 421 1326 462 pag.
1360 418 1474 464 347.

213 475 289 518 vbi
317 475 372 517 de
396 472 546 517 nostro
570 474 686 533 agit,
717 474 814 516 iure
839 480 971 518 vocat
1007 474 1282 519 Graecorum
1310 476 1475 516 Varro-

213 557 323 585 nem
341 549 416 585 aut
440 539 643 595 Plinium.
678 540 853 598 Vbique
878 555 986 587 veto
1018 539 1292 598 philo-sophis
1321 540 1365 599 se
1389 530 1479 583 val-
1557 592 1560 594 *

216 610 275 652 de
301 608 491 651 inuisum
517 608 746 664 praebuit,
791 606 891 651 solis
913 608 1097 660 Stoicis,
1132 622 1323 666 quorum
1349 606 1476 651 disci-

215 674 364 732 plinae
392 682 439 719 et
460 676 706 732 imperator
730 677 791 720 M.
813 674 963 720 Aurel.
991 677 1245 720 Antoninus
1276 684 1324 721 et
1355 675 1479 733 priua.

217 744 337 800 cipes
358 743 440 786 viri
464 745 630 787 Romae
655 740 797 789 effent
819 743 1001 795 addiffi,
1034 742 1257 800 pepercit.

335 824 376 868 3.
411 808 586 868 Scripsit
601 801 967 869 ᾉαπνσσοφιςῶν,
1000 809 1089 865 siue
1110 806 1372 853 eruditorum
1387 822 1482 853 con-

219 875 432 919 uiualium
451 879 566 922 Libr.
590 880 682 921 XV.
714 879 834 922 Libri
858 879 949 922 duo
969 881 1189 937 primores
1226 892 1327 923 cum
1360 879 1480 935 prin-

201 968 208 977 ·—
219 944 340 1001 cipio
364 946 488 989 tertii
509 961 603 988 non
623 947 788 1005 integri
810 946 865 1005 ad
898 960 981 989 nos
1012 944 1348 1003 peruenerunt,
1404 944 1481 989 sed

210 1024 279 1055 ’ex
307 1013 506 1068 epitome
540 1013 666 1056 huius
702 1013 874 1071 operiS‚
919 1027 943 1056 a
966 1014 1254 1074 grammatico
1285 1012 1485 1069 quodam

222 1078 724 1137 Constantinopolitano
745 1089 848 1125 ante
859 1078 984 1138 plura
1016 1079 1181 1124 saecula
1203 1079 1432 1136 cometa,
1457 1093 1483 1123 a

216 1145 431 1198 musuro,
486 1148 631 1203 primo
652 1146 871 1191 Athenaei
905 1147 1104 1198 editore,
1160 1146 1340 1203 reliquis
1359 1145 1484 1190 libris

219 1211 329 1257 sunt
350 1211 546 1270 praefixi.
612 1212 1057 1273 Lacunaminfignem
1077 1211 1249 1257 inlibro
1270 1212 1366 1258 XV.
1388 1227 1488 1257 non

219 1278 363 1339 longe
387 1296 409 1323 a
434 1278 522 1324 fine
534 1282 581 1324 in
599 1282 922 1340 antiquioribus
939 1282 1212 1326 editionibus
1247 1294 1515 1326 occurren-⁷

222 1354 347 1407 tem,
377 1346 489 1389 Guil.
518 1348 723 1390 Camertes
743 1347 861 1393 Libr.
883 1350 956 1392 IX.
971 1352 1220 1395 ..Nouatum
1242 1346 1489 1392 lectionum

228 1429 255 1457 e
285 1415 385 1460 cod.
411 1415 503 1459 MS.
532 1413 790 1459 Farncfiano
827 1417 994 1473 primus
1020 1413 1270 1474 suppleuit,
1327 1415 1487 1462 additis

223 1481 313 1526 Ios.
332 1480 542 1543 Scaligeri
563 1481 933 1542 castigationibus.
1125 1485 1133 1488 “

329 1563 376 1606 4.
409 1552 615 1608 Princeps
640 1551 808 1604 editio,
839 1559 885 1596 at
914 1549 1075 1596 multis·
1097 1551 1215 1595 vitiis
1249 1549 1491 1607 inquinata,

231 1613 294 1661 est
314 1610 498 1670 Aldina,
529 1633 712 1677 graece,
744 1620 910 1664 Venet.
943 1630 1085 1675 1514.
1113 1615 1192 1662 fol.
1225 1617 1427 1662 Musurus
1442 1625 1492 1664 et

229 1685 376 1727 varios
407 1685 540 1730 codd·
572 1692 620 1728 et
656 1686 889 1741 epitomen
919 1683 1122 1745 graecam
1169 1682 1376 1730 contulit.
1421 1705 1494 1722 ·--

229 1754 350 1796 Tum
372 1746 540 1793 Iacobus
557 1747 765 1795 Bedrotus
792 1761 839 1796 et
870 1748 1134 1807 Chrtstianus
1152 1750 1380 1805 Herlinus‚
1424 1753 1493 1796 iu-

227 1832 370 1863 uenes
396 1819 628 1869 Germani,
658 1832 825 1862 nouam
844 1828 1055 1864 curarunt
1078 1820 1344 1877 editionem,
1379 1818 1492 1863 mul,-
1516 1842 1521 1851 v

231 1887 290 1930 tis
313 1885 421 1931 locis
445 1902 497 1930 ex
520 1886 791 1932 editionibus
814 1887 1096 1944 scriptorum,
1135 1901 1326 1944 quorum
1351 1890 1493 1949 ρησεις

233 1952 488 1999 Athenaeus
511 1952 732 2007 laudarat,
780 1954 1014 2006 correctiS,
1066 1961 1114 1998 et
1147 1953 1304 1999 additis
1335 1954 1493 1998 indici-

236 2023 317 2064 bus
341 2020 387 2076 *')
417 2029 550 2078 atque
574 2020 955 2068 obseruationibus
989 2022 1250 2079 quibusdam
1285 2037 1338 2066 ex
1386 2022 1494 2066 scri-

235 2089 325 2149 ptis
347 2089 535 2142 Budaei‚
566 2089 728 2132 Erasmi
744 2088 1020 2147 aliorumque
1045 2088 1254 2143 coileffls,
1308 2087 1495 2134 Basileae

243 2169 385 2216 1535.
409 2155 489 2201 fol.
522 2180 590 2189 -—
617 2157 731 2202 Cum
752 2155 954 2201 versione
975 2155 1052 2201 lat.
1081 2165 1130 2201 et
1163 2155 1329 2202 notulis
1362 2153 1494 2198 Dale-

235 2219 424 2290 champii
444 2224 585 2287 Lugd.
606 2229 745 2286 1583.
769 2223 948 2280 f01.*—
979 2227 1041 2272 At
1059 2225 1252 2283 optimus
1273 2222 1496 2300 Athenaei

1355 2300 1497 2338 mter-

296 2456 338 2510 *)
368 2466 575 2503 Elenchum
587 2463 835 2514 scriptorum,
863 2465 1061 2503 Athenaeo
1091 2461 1342 2512 praemiss'um,
1373 2461 1498 2513 pluri-

349 2521 420 2557 mis
437 2521 581 2558 scatere
603 2520 817 2566 erroribus,
849 2521 900 2558 ait
920 2516 1055 2568 Ionstus
1078 2522 1125 2557 de
1147 2518 1276 2571 script.
1295 2521 1379 2560 hist.
1400 2521 1495 2571 phil.

346 2574 412 2616 lib.
433 2579 498 2617 IV.
518 2577 602 2618 sest.
624 2576 690 2627 46.
713 2588 800 2628 pag.
822 2585 915 2626 271.
937 2578 1027 2616 edit·
1050 2574 1204 2616 Dornii.
