<?xml version="1.0" encoding="UTF-8"?>
<!DOCTYPE html PUBLIC "-//W3C//DTD XHTML 1.0 Transitional//EN"
    "http://www.w3.org/TR/xhtml1/DTD/xhtml1-transitional.dtd">
<html xmlns="http://www.w3.org/1999/xhtml" xml:lang="en" lang="en">
 <head>
  <title>
</title>
<meta http-equiv="Content-Type" content="text/html;charset=utf-8" />
  <meta name='ocr-system' content='tesseract 3.04.00' />
  <meta name='ocr-capabilities' content='ocr_page ocr_carea ocr_par ocr_line ocrx_word'/>
</head>
<body>
  <div class='ocr_page' id='page_1' title='image "./p1theophilichristo02harluoft_0183.png"; bbox 0 0 1686 3025; ppageno 0'>
   <div class='ocr_carea' id='block_1_1' title="bbox 0 371 16 1778">
    <p class='ocr_par' dir='ltr' id='par_1_1' title="bbox 0 371 16 1778">
     <span class='ocr_line' id='line_1_1' title="bbox 0 371 16 1778; baseline 0 0"><span class='ocrx_word' id='word_1_1' title='bbox 0 371 16 1778; x_wconf 95' lang='lat' dir='ltr'><strong> </strong></span> 
     </span>
    </p>
   </div>
   <div class='ocr_carea' id='block_1_2' title="bbox 0 358 20 2631">
    <p class='ocr_par' dir='ltr' id='par_1_2' title="bbox 0 358 20 2631">
     <span class='ocr_line' id='line_1_2' title="bbox 0 358 20 2631; baseline 0 0"><span class='ocrx_word' id='word_1_2' title='bbox 0 358 20 2631; x_wconf 95' lang='lat' dir='ltr'><strong> </strong></span> 
     </span>
    </p>
   </div>
   <div class='ocr_carea' id='block_1_3' title="bbox 0 371 21 2631">
    <p class='ocr_par' dir='ltr' id='par_1_3' title="bbox 0 371 21 2631">
     <span class='ocr_line' id='line_1_3' title="bbox 0 371 21 2631; baseline 0 0"><span class='ocrx_word' id='word_1_3' title='bbox 0 371 21 2631; x_wconf 95' lang='lat' dir='ltr'><strong> </strong></span> 
     </span>
    </p>
   </div>
   <div class='ocr_carea' id='block_1_4' title="bbox 0 371 21 2631">
    <p class='ocr_par' dir='ltr' id='par_1_4' title="bbox 0 371 21 2631">
     <span class='ocr_line' id='line_1_4' title="bbox 0 371 21 2631; baseline 0 0"><span class='ocrx_word' id='word_1_4' title='bbox 0 371 21 2631; x_wconf 95' lang='lat' dir='ltr'><strong> </strong></span> 
     </span>
    </p>
   </div>
   <div class='ocr_carea' id='block_1_5' title="bbox 0 371 21 2631">
    <p class='ocr_par' dir='ltr' id='par_1_5' title="bbox 0 371 21 2631">
     <span class='ocr_line' id='line_1_5' title="bbox 0 371 21 2631; baseline 0 0"><span class='ocrx_word' id='word_1_5' title='bbox 0 371 21 2631; x_wconf 95' lang='lat' dir='ltr'><strong> </strong></span> 
     </span>
    </p>
   </div>
   <div class='ocr_carea' id='block_1_6' title="bbox 0 371 21 2631">
    <p class='ocr_par' dir='ltr' id='par_1_6' title="bbox 0 371 21 2631">
     <span class='ocr_line' id='line_1_6' title="bbox 0 371 21 2631; baseline 0 0"><span class='ocrx_word' id='word_1_6' title='bbox 0 371 21 2631; x_wconf 95' lang='lat' dir='ltr'><strong> </strong></span> 
     </span>
    </p>
   </div>
   <div class='ocr_carea' id='block_1_7' title="bbox 0 371 21 2631">
    <p class='ocr_par' dir='ltr' id='par_1_7' title="bbox 0 371 21 2631">
     <span class='ocr_line' id='line_1_7' title="bbox 0 371 21 2631; baseline 0 0"><span class='ocrx_word' id='word_1_7' title='bbox 0 371 21 2631; x_wconf 95' lang='lat' dir='ltr'><strong> </strong></span> 
     </span>
    </p>
   </div>
   <div class='ocr_carea' id='block_1_8' title="bbox 0 371 21 2631">
    <p class='ocr_par' dir='ltr' id='par_1_8' title="bbox 0 371 21 2631">
     <span class='ocr_line' id='line_1_8' title="bbox 0 371 21 2631; baseline 0 0"><span class='ocrx_word' id='word_1_8' title='bbox 0 371 21 2631; x_wconf 95' lang='lat' dir='ltr'><strong> </strong></span> 
     </span>
    </p>
   </div>
   <div class='ocr_carea' id='block_1_9' title="bbox 0 371 21 2631">
    <p class='ocr_par' dir='ltr' id='par_1_9' title="bbox 0 371 21 2631">
     <span class='ocr_line' id='line_1_9' title="bbox 0 371 21 2631; baseline 0 0"><span class='ocrx_word' id='word_1_9' title='bbox 0 371 21 2631; x_wconf 95' lang='lat' dir='ltr'><strong> </strong></span> 
     </span>
    </p>
   </div>
   <div class='ocr_carea' id='block_1_10' title="bbox 0 371 24 3023">
    <p class='ocr_par' dir='ltr' id='par_1_10' title="bbox 0 371 24 3023">
     <span class='ocr_line' id='line_1_10' title="bbox 0 371 24 3023; baseline 0 0"><span class='ocrx_word' id='word_1_10' title='bbox 0 371 24 3023; x_wconf 95' lang='lat' dir='ltr'><strong> </strong></span> 
     </span>
    </p>
   </div>
   <div class='ocr_carea' id='block_1_11' title="bbox 0 1774 23 3025">
    <p class='ocr_par' dir='ltr' id='par_1_11' title="bbox 0 1774 23 3025">
     <span class='ocr_line' id='line_1_11' title="bbox 0 1774 23 3025; baseline 0 0"><span class='ocrx_word' id='word_1_11' title='bbox 0 1774 23 3025; x_wconf 95' lang='lat' dir='ltr'><strong> </strong></span> 
     </span>
    </p>
   </div>
   <div class='ocr_carea' id='block_1_12' title="bbox 411 248 1322 315">
    <p class='ocr_par' dir='ltr' id='par_1_12' title="bbox 411 248 1322 315">
     <span class='ocr_line' id='line_1_12' title="bbox 411 248 1322 315; baseline 0 -13"><span class='ocrx_word' id='word_1_12' title='bbox 411 254 684 304; x_wconf 83' lang='lat' dir='ltr'><em>CLAVDIVS</em></span> <span class='ocrx_word' id='word_1_13' title='bbox 725 248 993 303; x_wconf 76' lang='lat' dir='ltr'><em>&#39;GALENVS.</em></span> <span class='ocrx_word' id='word_1_14' title='bbox 1234 268 1254 300; x_wconf 82' lang='lat'>1</span> <span class='ocrx_word' id='word_1_15' title='bbox 1263 268 1290 315; x_wconf 94' lang='lat'><em>7</em></span> <span class='ocrx_word' id='word_1_16' title='bbox 1302 269 1322 302; x_wconf 90' lang='lat'>1</span> 
     </span>
    </p>
   </div>
   <div class='ocr_carea' id='block_1_13' title="bbox 81 376 1333 578">
    <p class='ocr_par' dir='ltr' id='par_1_13' title="bbox 81 376 1333 578">
     <span class='ocr_line' id='line_1_13' title="bbox 83 376 1331 440; baseline -0.003 -12"><span class='ocrx_word' id='word_1_17' title='bbox 83 382 223 429; x_wconf 87' lang='lat' dir='ltr'><strong>editio</strong></span> <span class='ocrx_word' id='word_1_18' title='bbox 251 380 420 440; x_wconf 84' lang='lat' dir='ltr'><strong>prodiit</strong></span> <span class='ocrx_word' id='word_1_19' title='bbox 448 380 659 440; x_wconf 77' lang='lat' dir='ltr'><strong>Venetiis,</strong></span> <span class='ocrx_word' id='word_1_20' title='bbox 734 381 1000 427; x_wconf 79' lang='lat' dir='ltr'><strong>adhortante</strong></span> <span class='ocrx_word' id='word_1_21' title='bbox 1026 383 1072 426; x_wconf 85' lang='lat' dir='ltr'><strong>et</strong></span> <span class='ocrx_word' id='word_1_22' title='bbox 1093 376 1331 424; x_wconf 85' lang='lat' dir='ltr'><strong>auxiliante</strong></span> 
     </span>
     <span class='ocr_line' id='line_1_14' title="bbox 81 448 1330 513; baseline -0.002 -21"><span class='ocrx_word' id='word_1_23' title='bbox 81 448 353 512; x_wconf 66' lang='lat' dir='ltr'><strong>Jo.3‡2Baptisc·a</strong></span> <span class='ocrx_word' id='word_1_24' title='bbox 387 450 554 513; x_wconf 81' lang='lat' dir='ltr'><strong>Opitio,</strong></span> <span class='ocrx_word' id='word_1_25' title='bbox 599 448 815 510; x_wconf 87' lang='lat' dir='ltr'><strong>symbolas</strong></span> <span class='ocrx_word' id='word_1_26' title='bbox 847 450 1330 508; x_wconf 71' lang='lat' dir='ltr'><strong>quoque&#39;conferent&#39;e</strong></span> 
     </span>
     <span class='ocr_line' id='line_1_15' title="bbox 81 513 1333 578; baseline -0.002 -19"><span class='ocrx_word' id='word_1_27' title='bbox 81 518 256 578; x_wconf 77' lang='lat' dir='ltr'><strong>Georgio</strong></span> <span class='ocrx_word' id='word_1_28' title='bbox 283 516 506 578; x_wconf 76' lang='lat' dir='ltr'><em>Agricola,</em></span> <span class='ocrx_word' id='word_1_29' title='bbox 537 520 587 561; x_wconf 89' lang='lat' dir='ltr'><strong>in</strong></span> <span class='ocrx_word' id='word_1_30' title='bbox 618 519 795 562; x_wconf 86' lang='lat' dir='ltr'><strong>aedibus</strong></span> <span class='ocrx_word' id='word_1_31' title='bbox 827 516 930 563; x_wconf 85' lang='lat' dir='ltr'><strong>Aldi</strong></span> <span class='ocrx_word' id='word_1_32' title='bbox 953 526 1001 562; x_wconf 86' lang='lat' dir='ltr'><strong>et</strong></span> <span class='ocrx_word' id='word_1_33' title='bbox 1030 515 1230 561; x_wconf 83' lang='lat' dir='ltr'>Andreae</span> <span class='ocrx_word' id='word_1_34' title='bbox 1263 513 1333 557; x_wconf 87' lang='lat' dir='ltr'><strong>so-</strong></span> 
     </span>
    </p>
   </div>
   <div class='ocr_carea' id='block_1_14' title="bbox 3 579 1333 707">
    <p class='ocr_par' dir='ltr' id='par_1_14' title="bbox 0 579 1333 718">
     <span class='ocr_line' id='line_1_16' title="bbox 3 579 1333 642; baseline -0.005 -12"><span class='ocrx_word' id='word_1_35' title='bbox 3 633 4 640; x_wconf 17' lang='lat'><em>*</em></span> <span class='ocrx_word' id='word_1_36' title='bbox 84 587 189 630; x_wconf 86' lang='lat' dir='ltr'><strong>ceri.</strong></span> <span class='ocrx_word' id='word_1_37' title='bbox 212 593 325 630; x_wconf 87' lang='lat' dir='ltr'><strong>tom.</strong></span> <span class='ocrx_word' id='word_1_38' title='bbox 348 587 401 630; x_wconf 89' lang='lat' dir='ltr'><strong>V.</strong></span> <span class='ocrx_word' id='word_1_39' title='bbox 431 597 569 642; x_wconf 79' lang='lat'>1525.</span> <span class='ocrx_word' id='word_1_40' title='bbox 591 582 668 632; x_wconf 83' lang='lat' dir='ltr'><strong>fol.</strong></span> <span class='ocrx_word' id='word_1_41' title='bbox 721 610 780 618; x_wconf 95' lang='lat'><strong>--</strong></span> <span class='ocrx_word' id='word_1_42' title='bbox 812 587 880 628; x_wconf 88' lang='lat' dir='ltr'><strong>De</strong></span> <span class='ocrx_word' id='word_1_43' title='bbox 903 586 1007 628; x_wconf 83' lang='lat' dir='ltr'><strong>raris</strong></span> <span class='ocrx_word' id='word_1_44' title='bbox 1042 583 1142 629; x_wconf 83' lang='lat' dir='ltr'><strong>edd.</strong></span> <span class='ocrx_word' id='word_1_45' title='bbox 1178 579 1333 627; x_wconf 83' lang='lat' dir='ltr'><strong>Galeni</strong></span> 
     </span>
     <span class='ocr_line' id='line_1_17' title="bbox 83 645 1333 707; baseline -0.003 -11.249"><span class='ocrx_word' id='word_1_46' title='bbox 83 653 151 706; x_wconf 71' lang='lat' dir='ltr'><strong>de}</strong></span> <span class='ocrx_word' id='word_1_47' title='bbox 173 648 434 697; x_wconf 84' lang='lat' dir='ltr'><strong>differentiis</strong></span> <span class='ocrx_word' id='word_1_48' title='bbox 469 653 655 695; x_wconf 86' lang='lat' dir='ltr'><strong>febrium</strong></span> <span class='ocrx_word' id='word_1_49' title='bbox 681 651 783 695; x_wconf 79' lang='lat' dir='ltr'><strong>libri</strong></span> <span class='ocrx_word' id='word_1_50' title='bbox 817 653 872 695; x_wconf 82' lang='grc' dir='ltr'><strong>ΙΙ.</strong></span> <span class='ocrx_word' id='word_1_51' title='bbox 913 660 997 696; x_wconf 87' lang='lat' dir='ltr'><strong>etc.</strong></span> <span class='ocrx_word' id='word_1_52' title='bbox 1039 652 1154 707; x_wconf 87' lang='lat' dir='ltr'><strong>typis</strong></span> <span class='ocrx_word' id='word_1_53' title='bbox 1195 645 1333 693; x_wconf 86' lang='lat' dir='ltr'><strong>Euch.</strong></span> 
     </span>
    </p>
   </div>
   <div class='ocr_carea' id='block_1_15' title="bbox 82 712 1336 909">
    <p class='ocr_par' dir='ltr' id='par_1_15' title="bbox 82 712 1336 909">
     <span class='ocr_line' id='line_1_18' title="bbox 82 712 1333 776; baseline -0.003 -13"><span class='ocrx_word' id='word_1_54' title='bbox 82 720 378 776; x_wconf 84' lang='lat' dir='ltr'><strong>Ceruicornii‚</strong></span> <span class='ocrx_word' id='word_1_55' title='bbox 416 717 673 776; x_wconf 87' lang='lat' dir='ltr'><strong>(Coloniae)</strong></span> <span class='ocrx_word' id='word_1_56' title='bbox 703 718 841 776; x_wconf 80' lang='lat'>1526.</span> <span class='ocrx_word' id='word_1_57' title='bbox 863 724 904 769; x_wconf 81' lang='lat'><strong>8.</strong></span> <span class='ocrx_word' id='word_1_58' title='bbox 943 740 997 750; x_wconf 89' lang='lat'>·———</span> <span class='ocrx_word' id='word_1_59' title='bbox 1031 712 1333 762; x_wconf 50' lang='lat' dir='ltr'><strong>eiusdemme&#39;-</strong></span> 
     </span>
     <span class='ocr_line' id='line_1_19' title="bbox 82 781 1336 842; baseline -0.004 -11"><span class='ocrx_word' id='word_1_60' title='bbox 82 786 249 831; x_wconf 80' lang='lat' dir='ltr'><strong>thodus</strong></span> <span class='ocrx_word' id='word_1_61' title='bbox 281 783 492 830; x_wconf 72' lang='lat' dir='ltr'><strong>n‘ledendi</strong></span> <span class='ocrx_word' id='word_1_62' title='bbox 521 794 608 832; x_wconf 73' lang='lat' dir='ltr'><strong>etc.</strong></span> <span class='ocrx_word' id='word_1_63' title='bbox 641 788 798 831; x_wconf 80' lang='lat' dir='ltr'><strong>Venet.</strong></span> <span class='ocrx_word' id='word_1_64' title='bbox 833 800 910 842; x_wconf 79' lang='lat' dir='ltr'><strong>per</strong></span> <span class='ocrx_word' id='word_1_65' title='bbox 933 786 1000 828; x_wconf 85' lang='lat'><strong>10.</strong></span> <span class='ocrx_word' id='word_1_66' title='bbox 1024 784 1146 840; x_wconf 83' lang='lat' dir='ltr'><strong>Bapt.</strong></span> <span class='ocrx_word' id='word_1_67' title='bbox 1172 781 1336 826; x_wconf 90' lang='lat' dir='ltr'><strong>Pedre-</strong></span> 
     </span>
     <span class='ocr_line' id='line_1_20' title="bbox 83 849 1335 909; baseline -0.002 -12"><span class='ocrx_word' id='word_1_68' title='bbox 83 868 255 908; x_wconf 88' lang='lat' dir='ltr'><strong>zanum,</strong></span> <span class='ocrx_word' id='word_1_69' title='bbox 299 864 432 909; x_wconf 68' lang='lat'><strong>1527·</strong></span> <span class='ocrx_word' id='word_1_70' title='bbox 453 867 500 899; x_wconf 78' lang='grc' dir='ltr'><strong>Δ..</strong></span> <span class='ocrx_word' id='word_1_71' title='bbox 531 884 582 891; x_wconf 86' lang='grc'>-</span> <span class='ocrx_word' id='word_1_72' title='bbox 617 854 752 897; x_wconf 82' lang='lat' dir='ltr'><strong>eiusd.</strong></span> <span class='ocrx_word' id='word_1_73' title='bbox 776 851 877 896; x_wconf 85' lang='lat' dir='ltr'><strong>libri</strong></span> <span class='ocrx_word' id='word_1_74' title='bbox 898 854 971 894; x_wconf 77' lang='grc' dir='ltr'><strong>ΙΙΙ.</strong></span> <span class='ocrx_word' id='word_1_75' title='bbox 989 850 1044 892; x_wconf 84' lang='lat' dir='ltr'><strong>de</strong></span> <span class='ocrx_word' id='word_1_76' title='bbox 1059 849 1232 893; x_wconf 83' lang='lat' dir='ltr'><strong>crifibus</strong></span> <span class='ocrx_word' id='word_1_77' title='bbox 1248 857 1335 894; x_wconf 86' lang='lat' dir='ltr'><strong>etc.</strong></span> 
     </span>
    </p>
   </div>
   <div class='ocr_carea' id='block_1_16' title="bbox 3 915 1334 980">
    <p class='ocr_par' dir='ltr' id='par_1_16' title="bbox 3 915 1334 980">
     <span class='ocr_line' id='line_1_21' title="bbox 3 915 1334 980; baseline -0.002 -19"><span class='ocrx_word' id='word_1_78' title='bbox 3 933 14 980; x_wconf 22' lang='lat' dir='ltr'><strong>s*</strong></span> <span class='ocrx_word' id='word_1_79' title='bbox 83 919 155 964; x_wconf 89' lang='lat' dir='ltr'><strong>lat.</strong></span> <span class='ocrx_word' id='word_1_80' title='bbox 182 918 384 964; x_wconf 75' lang='lat' dir='ltr'><strong>Lutetiae</strong></span> <span class='ocrx_word' id='word_1_81' title='bbox 414 920 530 977; x_wconf 81' lang='lat' dir='ltr'><strong>apud</strong></span> <span class='ocrx_word' id='word_1_82' title='bbox 553 918 779 964; x_wconf 81' lang='lat' dir='ltr'><strong>Christian.</strong></span> <span class='ocrx_word' id='word_1_83' title='bbox 826 915 1030 961; x_wconf 72' lang='lat' dir='ltr'><strong>VVechel.</strong></span> <span class='ocrx_word' id='word_1_84' title='bbox 1059 921 1198 973; x_wconf 82' lang='lat'>1528.</span> <span class='ocrx_word' id='word_1_85' title='bbox 1218 930 1266 972; x_wconf 67' lang='lat'><strong>4,</strong></span> <span class='ocrx_word' id='word_1_86' title='bbox 1291 932 1334 959; x_wconf 77' lang='lat' dir='ltr'><strong>v,</strong></span> 
     </span>
    </p>
   </div>
   <div class='ocr_carea' id='block_1_17' title="bbox 84 982 1344 1248">
    <p class='ocr_par' dir='ltr' id='par_1_17' title="bbox 84 982 1344 1248">
     <span class='ocr_line' id='line_1_22' title="bbox 86 982 1344 1046; baseline -0.002 -18"><span class='ocrx_word' id='word_1_87' title='bbox 86 987 197 1028; x_wconf 62' lang='grc' dir='ltr'><strong>ΘΜ]</strong></span> <span class='ocrx_word' id='word_1_88' title='bbox 220 985 445 1046; x_wconf 84' lang='lat' dir='ltr'><strong>Nachtrag</strong></span> <span class='ocrx_word' id='word_1_89' title='bbox 475 1002 527 1030; x_wconf 88' lang='lat' dir='ltr'><strong>zu</strong></span> <span class='ocrx_word' id='word_1_90' title='bbox 557 987 646 1030; x_wconf 88' lang='lat' dir='ltr'><strong>den</strong></span> <span class='ocrx_word' id='word_1_91' title='bbox 686 982 1091 1046; x_wconf 82' lang='lat' dir='ltr'><strong>typographischen</strong></span> <span class='ocrx_word' id='word_1_92' title='bbox 1127 998 1199 1026; x_wconf 84' lang='lat' dir='ltr'><strong>aus</strong></span> <span class='ocrx_word' id='word_1_93' title='bbox 1233 984 1344 1026; x_wconf 79' lang='lat' dir='ltr'><strong>dem</strong></span> 
     </span>
     <span class='ocr_line' id='line_1_23' title="bbox 90 1050 1338 1113; baseline -0.004 -16"><span class='ocrx_word' id='word_1_94' title='bbox 90 1060 231 1111; x_wconf 84' lang='lat' dir='ltr'><strong>15ten</strong></span> <span class='ocrx_word' id='word_1_95' title='bbox 253 1053 345 1096; x_wconf 88' lang='lat' dir='ltr'><strong>und</strong></span> <span class='ocrx_word' id='word_1_96' title='bbox 380 1050 1021 1113; x_wconf 76' lang='lat' dir='ltr'><strong>Buchermerkwiirdigkeiten</strong></span> <span class='ocrx_word' id='word_1_97' title='bbox 1046 1066 1119 1095; x_wconf 87' lang='lat' dir='ltr'><strong>aus</strong></span> <span class='ocrx_word' id='word_1_98' title='bbox 1146 1050 1251 1094; x_wconf 91' lang='lat' dir='ltr'><strong>dem</strong></span> <span class='ocrx_word' id='word_1_99' title='bbox 1283 1051 1338 1093; x_wconf 92' lang='lat'><strong>16</strong></span> 
     </span>
     <span class='ocr_line' id='line_1_24' title="bbox 84 1117 1338 1178; baseline 0.001 -14"><span class='ocrx_word' id='word_1_100' title='bbox 84 1136 130 1166; x_wconf 77' lang='grc' dir='ltr'><strong>ν.</strong></span> <span class='ocrx_word' id='word_1_101' title='bbox 163 1132 235 1177; x_wconf 79' lang='grc'><strong>17.</strong></span> <span class='ocrx_word' id='word_1_102' title='bbox 255 1119 564 1166; x_wconf 84' lang='lat' dir='ltr'><strong>Iahrhundert.</strong></span> <span class='ocrx_word' id='word_1_103' title='bbox 596 1123 754 1165; x_wconf 80' lang='lat' dir='ltr'><strong>Brixeu</strong></span> <span class='ocrx_word' id='word_1_104' title='bbox 783 1133 871 1178; x_wconf 91' lang='lat'><strong>179</strong></span> <span class='ocrx_word' id='word_1_105' title='bbox 885 1133 922 1164; x_wconf 77' lang='grc' dir='ltr'><strong>Ι.</strong></span> <span class='ocrx_word' id='word_1_106' title='bbox 952 1132 999 1176; x_wconf 78' lang='lat'><strong>4.</strong></span> <span class='ocrx_word' id='word_1_107' title='bbox 1033 1129 1132 1177; x_wconf 86' lang='lat' dir='ltr'><strong>pag.</strong></span> <span class='ocrx_word' id='word_1_108' title='bbox 1161 1117 1238 1170; x_wconf 80' lang='lat'><strong>68.</strong></span> <span class='ocrx_word' id='word_1_109' title='bbox 1271 1140 1338 1151; x_wconf 88' lang='lat'><strong>--</strong></span> 
     </span>
     <span class='ocr_line' id='line_1_25' title="bbox 86 1184 1340 1248; baseline -0.002 -17"><span class='ocrx_word' id='word_1_110' title='bbox 86 1189 156 1232; x_wconf 92' lang='lat' dir='ltr'><strong>De</strong></span> <span class='ocrx_word' id='word_1_111' title='bbox 179 1189 354 1238; x_wconf 84' lang='lat' dir='ltr'><strong>ratione</strong></span> <span class='ocrx_word' id='word_1_112' title='bbox 380 1189 590 1234; x_wconf 87' lang='lat' dir='ltr'><strong>medendi</strong></span> <span class='ocrx_word' id='word_1_113' title='bbox 610 1189 662 1233; x_wconf 82' lang='lat' dir='ltr'><strong>ad</strong></span> <span class='ocrx_word' id='word_1_114' title='bbox 685 1188 895 1235; x_wconf 70' lang='lat' dir='ltr'><strong>Glaucon-</strong></span> <span class='ocrx_word' id='word_1_115' title='bbox 919 1203 984 1248; x_wconf 85' lang='lat' dir='ltr'><strong>gr.</strong></span> <span class='ocrx_word' id='word_1_116' title='bbox 1009 1188 1138 1230; x_wconf 77' lang='lat' dir='ltr'><strong>Paris,</strong></span> <span class='ocrx_word' id='word_1_117' title='bbox 1152 1201 1218 1243; x_wconf 88' lang='lat' dir='ltr'><strong>ap.</strong></span> <span class='ocrx_word' id='word_1_118' title='bbox 1232 1184 1340 1230; x_wconf 88' lang='lat' dir='ltr'><strong>Chr.</strong></span> 
     </span>
    </p>
   </div>
   <div class='ocr_carea' id='block_1_18' title="bbox 4 1251 1342 1322">
    <p class='ocr_par' dir='ltr' id='par_1_18' title="bbox 4 1251 1342 1322">
     <span class='ocr_line' id='line_1_26' title="bbox 4 1251 1342 1322; baseline -0.001 -24"><span class='ocrx_word' id='word_1_119' title='bbox 4 1266 5 1322; x_wconf 36' lang='grc' dir='ltr'><strong>ᾗ</strong></span> <span class='ocrx_word' id='word_1_120' title='bbox 88 1254 293 1301; x_wconf 81' lang='lat' dir='ltr'><strong>Wechel.</strong></span> <span class='ocrx_word' id='word_1_121' title='bbox 319 1258 516 1315; x_wconf 72' lang='lat'><strong>1536.⁵8.</strong></span> <span class='ocrx_word' id='word_1_122' title='bbox 551 1279 619 1291; x_wconf 91' lang='lat'><em>-</em></span> <span class='ocrx_word' id='word_1_123' title='bbox 649 1257 798 1316; x_wconf 82' lang='lat' dir='ltr'><strong>Opera</strong></span> <span class='ocrx_word' id='word_1_124' title='bbox 809 1257 972 1308; x_wconf 83' lang='lat' dir='ltr'><strong>omnia,</strong></span> <span class='ocrx_word' id='word_1_125' title='bbox 997 1254 1050 1298; x_wconf 82' lang='lat' dir='ltr'><strong>ad</strong></span> <span class='ocrx_word' id='word_1_126' title='bbox 1072 1251 1207 1297; x_wconf 87' lang='lat' dir='ltr'><strong>fidem</strong></span> <span class='ocrx_word' id='word_1_127' title='bbox 1219 1266 1342 1297; x_wconf 85' lang='lat' dir='ltr'><strong>com-</strong></span> 
     </span>
    </p>
   </div>
   <div class='ocr_carea' id='block_1_19' title="bbox 91 1320 1343 1448">
    <p class='ocr_par' dir='ltr' id='par_1_19' title="bbox 91 1320 1343 1448">
     <span class='ocr_line' id='line_1_27' title="bbox 91 1320 1343 1382; baseline -0.001 -18"><span class='ocrx_word' id='word_1_128' title='bbox 91 1321 285 1379; x_wconf 87' lang='lat' dir='ltr'><strong>plurium</strong></span> <span class='ocrx_word' id='word_1_129' title='bbox 307 1329 354 1368; x_wconf 87' lang='lat' dir='ltr'><strong>et</strong></span> <span class='ocrx_word' id='word_1_130' title='bbox 377 1339 589 1382; x_wconf 84' lang='lat' dir='ltr'><strong>perquam</strong></span> <span class='ocrx_word' id='word_1_131' title='bbox 615 1324 890 1370; x_wconf 85' lang='lat' dir='ltr'><strong>vetustorum</strong></span> <span class='ocrx_word' id='word_1_132' title='bbox 906 1320 1092 1379; x_wconf 76' lang='lat' dir='ltr'><strong>exempl.</strong></span> <span class='ocrx_word' id='word_1_133' title='bbox 1114 1320 1175 1365; x_wconf 84' lang='lat' dir='ltr'><strong>ita</strong></span> <span class='ocrx_word' id='word_1_134' title='bbox 1194 1335 1343 1365; x_wconf 83' lang='lat' dir='ltr'><strong>ernen-</strong></span> 
     </span>
     <span class='ocr_line' id='line_1_28' title="bbox 91 1389 1343 1448; baseline -0.001 -16"><span class='ocrx_word' id='word_1_135' title='bbox 91 1390 191 1433; x_wconf 80' lang='lat' dir='ltr'><strong>data</strong></span> <span class='ocrx_word' id='word_1_136' title='bbox 213 1396 344 1448; x_wconf 89' lang='lat' dir='ltr'><strong>atque</strong></span> <span class='ocrx_word' id='word_1_137' title='bbox 366 1389 586 1443; x_wconf 79' lang='lat' dir='ltr'><strong>restituta,</strong></span> <span class='ocrx_word' id='word_1_138' title='bbox 620 1399 671 1436; x_wconf 87' lang='lat' dir='ltr'><strong>vt</strong></span> <span class='ocrx_word' id='word_1_139' title='bbox 690 1407 808 1435; x_wconf 89' lang='lat' dir='ltr'><strong>nunc</strong></span> <span class='ocrx_word' id='word_1_140' title='bbox 828 1393 1018 1448; x_wconf 89' lang='lat' dir='ltr'><strong>primum</strong></span> <span class='ocrx_word' id='word_1_141' title='bbox 1046 1395 1174 1446; x_wconf 83' lang='lat' dir='ltr'><strong>nata,</strong></span> <span class='ocrx_word' id='word_1_142' title='bbox 1207 1395 1343 1445; x_wconf 87' lang='lat' dir='ltr'><strong>atque</strong></span> 
     </span>
    </p>
   </div>
   <div class='ocr_carea' id='block_1_20' title="bbox 4 1455 1343 1515">
    <p class='ocr_par' dir='ltr' id='par_1_20' title="bbox 4 1455 1343 1515">
     <span class='ocr_line' id='line_1_29' title="bbox 4 1455 1343 1515; baseline -0.001 -15"><span class='ocrx_word' id='word_1_143' title='bbox 4 1472 5 1488; x_wconf 70' lang='lat'>³</span> <span class='ocrx_word' id='word_1_144' title='bbox 92 1457 140 1500; x_wconf 91' lang='lat' dir='ltr'><strong>in</strong></span> <span class='ocrx_word' id='word_1_145' title='bbox 175 1455 320 1501; x_wconf 86' lang='lat' dir='ltr'><strong>lucem</strong></span> <span class='ocrx_word' id='word_1_146' title='bbox 352 1458 492 1508; x_wconf 86' lang='lat' dir='ltr'><strong>edita,</strong></span> <span class='ocrx_word' id='word_1_147' title='bbox 540 1458 684 1501; x_wconf 89' lang='lat' dir='ltr'><strong>videri</strong></span> <span class='ocrx_word' id='word_1_148' title='bbox 715 1456 902 1515; x_wconf 83' lang='lat' dir='ltr'><strong>possint‚</strong></span> <span class='ocrx_word' id='word_1_149' title='bbox 946 1464 1060 1501; x_wconf 79' lang='lat' dir='ltr'><strong>tom.</strong></span> <span class='ocrx_word' id='word_1_150' title='bbox 1085 1457 1139 1499; x_wconf 93' lang='lat' dir='ltr'><strong>V.</strong></span> <span class='ocrx_word' id='word_1_151' title='bbox 1169 1469 1343 1515; x_wconf 80' lang='lat' dir='ltr'><strong>graece.</strong></span> 
     </span>
    </p>
   </div>
   <div class='ocr_carea' id='block_1_21' title="bbox 94 1521 1345 1583">
    <p class='ocr_par' dir='ltr' id='par_1_21' title="bbox 94 1521 1345 1583">
     <span class='ocr_line' id='line_1_30' title="bbox 94 1521 1345 1583; baseline -0.002 -17"><span class='ocrx_word' id='word_1_152' title='bbox 94 1521 279 1567; x_wconf 82' lang='lat' dir='ltr'><strong>Basileae</strong></span> <span class='ocrx_word' id='word_1_153' title='bbox 290 1539 358 1581; x_wconf 82' lang='lat' dir='ltr'><strong>ap.</strong></span> <span class='ocrx_word' id='word_1_154' title='bbox 373 1523 593 1568; x_wconf 81' lang='lat' dir='ltr'><strong>Io.Bebel.</strong></span> <span class='ocrx_word' id='word_1_155' title='bbox 613 1539 629 1568; x_wconf 80' lang='lat'>1</span> <span class='ocrx_word' id='word_1_156' title='bbox 643 1538 666 1581; x_wconf 75' lang='grc' dir='ltr'><strong><em>ς</em></strong></span> <span class='ocrx_word' id='word_1_157' title='bbox 677 1538 697 1583; x_wconf 85' lang='lat'><em>3</em></span> <span class='ocrx_word' id='word_1_158' title='bbox 710 1531 750 1576; x_wconf 82' lang='lat'><strong>8.</strong></span> <span class='ocrx_word' id='word_1_159' title='bbox 775 1523 851 1568; x_wconf 88' lang='lat' dir='ltr'><strong>fol.</strong></span> <span class='ocrx_word' id='word_1_160' title='bbox 872 1526 995 1573; x_wconf 82' lang='lat' dir='ltr'><strong>Haec</strong></span> <span class='ocrx_word' id='word_1_161' title='bbox 1013 1523 1171 1581; x_wconf 81' lang='lat' dir='ltr'><strong>editio,</strong></span> <span class='ocrx_word' id='word_1_162' title='bbox 1194 1535 1345 1579; x_wconf 74' lang='lat' dir='ltr'><strong>quam-</strong></span> 
     </span>
    </p>
   </div>
   <div class='ocr_carea' id='block_1_22' title="bbox 4 1585 1409 1648">
    <p class='ocr_par' dir='ltr' id='par_1_22' title="bbox 4 1585 1409 1648">
     <span class='ocr_line' id='line_1_31' title="bbox 4 1585 1409 1648; baseline 0 -15"><span class='ocrx_word' id='word_1_163' title='bbox 4 1598 6 1643; x_wconf 65' lang='lat' dir='ltr'>j</span> <span class='ocrx_word' id='word_1_164' title='bbox 95 1605 226 1647; x_wconf 84' lang='lat' dir='ltr'><strong>quam</strong></span> <span class='ocrx_word' id='word_1_165' title='bbox 256 1589 442 1647; x_wconf 87' lang='lat' dir='ltr'><strong>melior,</strong></span> <span class='ocrx_word' id='word_1_166' title='bbox 491 1589 762 1647; x_wconf 81' lang='lat' dir='ltr'><strong>locupletior</strong></span> <span class='ocrx_word' id='word_1_167' title='bbox 794 1598 929 1648; x_wconf 86' lang='lat' dir='ltr'><strong>atque</strong></span> <span class='ocrx_word' id='word_1_168' title='bbox 977 1590 1254 1634; x_wconf 82' lang='lat' dir='ltr'><strong>emendatior</strong></span> <span class='ocrx_word' id='word_1_169' title='bbox 1286 1585 1348 1632; x_wconf 88' lang='lat' dir='ltr'><strong>est</strong></span> <span class='ocrx_word' id='word_1_170' title='bbox 1406 1632 1409 1633; x_wconf 14' lang='grc' dir='ltr'><em>γ</em></span> 
     </span>
    </p>
   </div>
   <div class='ocr_carea' id='block_1_23' title="bbox 94 1655 1347 1714">
    <p class='ocr_par' dir='ltr' id='par_1_23' title="bbox 94 1655 1347 1714">
     <span class='ocr_line' id='line_1_32' title="bbox 94 1655 1347 1714; baseline -0.001 -15"><span class='ocrx_word' id='word_1_171' title='bbox 94 1655 277 1709; x_wconf 80' lang='lat' dir='ltr'><strong>Aldina,</strong></span> <span class='ocrx_word' id='word_1_172' title='bbox 326 1663 375 1700; x_wconf 82' lang='lat' dir='ltr'><strong>et</strong></span> <span class='ocrx_word' id='word_1_173' title='bbox 399 1656 688 1709; x_wconf 81' lang='lat' dir='ltr'><strong>GemusaeuS,</strong></span> <span class='ocrx_word' id='word_1_174' title='bbox 745 1659 820 1714; x_wconf 82' lang='lat' dir='ltr'><strong>qui</strong></span> <span class='ocrx_word' id='word_1_175' title='bbox 857 1657 1049 1713; x_wconf 88' lang='lat' dir='ltr'><strong>primum</strong></span> <span class='ocrx_word' id='word_1_176' title='bbox 1080 1671 1130 1699; x_wconf 86' lang='lat' dir='ltr'><strong>ac</strong></span> <span class='ocrx_word' id='word_1_177' title='bbox 1154 1656 1347 1711; x_wconf 60' lang='lat' dir='ltr'><strong>,tertium</strong></span> 
     </span>
    </p>
   </div>
   <div class='ocr_carea' id='block_1_24' title="bbox 5 1721 1350 1781">
    <p class='ocr_par' dir='ltr' id='par_1_24' title="bbox 5 1721 1350 1781">
     <span class='ocr_line' id='line_1_33' title="bbox 5 1721 1350 1781; baseline -0.002 -13"><span class='ocrx_word' id='word_1_178' title='bbox 5 1735 6 1742; x_wconf 62' lang='lat'>¹</span> <span class='ocrx_word' id='word_1_179' title='bbox 95 1725 266 1768; x_wconf 83' lang='lat' dir='ltr'><strong>curauit</strong></span> <span class='ocrx_word' id='word_1_180' title='bbox 286 1730 464 1777; x_wconf 85' lang='lat' dir='ltr'><strong>tomos,</strong></span> <span class='ocrx_word' id='word_1_181' title='bbox 519 1724 566 1766; x_wconf 89' lang='lat' dir='ltr'><strong>in</strong></span> <span class='ocrx_word' id='word_1_182' title='bbox 600 1725 740 1781; x_wconf 76' lang='lat' dir='ltr'><strong>praef.</strong></span> <span class='ocrx_word' id='word_1_183' title='bbox 764 1738 946 1781; x_wconf 85' lang='lat' dir='ltr'><strong>operam</strong></span> <span class='ocrx_word' id='word_1_184' title='bbox 978 1723 1204 1766; x_wconf 88' lang='lat' dir='ltr'><strong>editorum</strong></span> <span class='ocrx_word' id='word_1_185' title='bbox 1221 1721 1350 1765; x_wconf 88' lang='lat' dir='ltr'><strong>valde</strong></span> 
     </span>
    </p>
   </div>
   <div class='ocr_carea' id='block_1_25' title="bbox 96 1789 1350 1843">
    <p class='ocr_par' dir='ltr' id='par_1_25' title="bbox 96 1789 1350 1843">
     <span class='ocr_line' id='line_1_34' title="bbox 96 1789 1350 1843; baseline -0.002 -9"><span class='ocrx_word' id='word_1_186' title='bbox 96 1789 318 1843; x_wconf 80' lang='lat' dir='ltr'><strong>celebrat,</strong></span> <span class='ocrx_word' id='word_1_187' title='bbox 351 1789 500 1835; x_wconf 84' lang='lat' dir='ltr'><strong>multis</strong></span> <span class='ocrx_word' id='word_1_188' title='bbox 523 1798 673 1836; x_wconf 83' lang='lat' dir='ltr'><strong>tamen</strong></span> <span class='ocrx_word' id='word_1_189' title='bbox 705 1789 847 1834; x_wconf 86' lang='lat' dir='ltr'><strong>adhuc</strong></span> <span class='ocrx_word' id='word_1_190' title='bbox 875 1790 1042 1835; x_wconf 83' lang='lat' dir='ltr'><strong>scatere</strong></span> <span class='ocrx_word' id='word_1_191' title='bbox 1079 1790 1194 1834; x_wconf 83' lang='lat' dir='ltr'><strong>vitiis</strong></span> <span class='ocrx_word' id='word_1_192' title='bbox 1223 1802 1350 1833; x_wconf 86' lang='lat' dir='ltr'><strong>men-</strong></span> 
     </span>
    </p>
   </div>
   <div class='ocr_carea' id='block_1_26' title="bbox 5 1856 1350 1914">
    <p class='ocr_par' dir='ltr' id='par_1_26' title="bbox 5 1856 1350 1914">
     <span class='ocr_line' id='line_1_35' title="bbox 5 1856 1350 1914; baseline -0.001 -14"><span class='ocrx_word' id='word_1_193' title='bbox 5 1899 7 1911; x_wconf 24' lang='lat'>*</span> <span class='ocrx_word' id='word_1_194' title='bbox 91 1859 250 1914; x_wconf 73' lang='lat' dir='ltr'><strong>disque</strong></span> <span class='ocrx_word' id='word_1_195' title='bbox 268 1857 503 1905; x_wconf 75' lang='lat' dir='ltr'><strong>iudicatur.</strong></span> <span class='ocrx_word' id='word_1_196' title='bbox 567 1860 621 1901; x_wconf 88' lang='lat' dir='ltr'><strong>In</strong></span> <span class='ocrx_word' id='word_1_197' title='bbox 641 1872 744 1901; x_wconf 89' lang='lat' dir='ltr'><strong>meo</strong></span> <span class='ocrx_word' id='word_1_198' title='bbox 771 1856 974 1914; x_wconf 78' lang='lat' dir='ltr'><strong>exemplo</strong></span> <span class='ocrx_word' id='word_1_199' title='bbox 995 1872 1019 1901; x_wconf 90' lang='lat' dir='ltr'><strong>a</strong></span> <span class='ocrx_word' id='word_1_200' title='bbox 1041 1857 1137 1900; x_wconf 89' lang='lat' dir='ltr'><strong>viro</strong></span> <span class='ocrx_word' id='word_1_201' title='bbox 1155 1856 1350 1913; x_wconf 86' lang='lat' dir='ltr'><strong>quodam</strong></span> 
     </span>
    </p>
   </div>
   <div class='ocr_carea' id='block_1_27' title="bbox 97 1922 1359 2451">
    <p class='ocr_par' dir='ltr' id='par_1_27' title="bbox 97 1922 1359 2451">
     <span class='ocr_line' id='line_1_36' title="bbox 100 1922 1351 1979; baseline 0.002 -12"><span class='ocrx_word' id='word_1_202' title='bbox 100 1924 257 1978; x_wconf 57' lang='lat' dir='ltr'><strong>dotto,</strong></span> <span class='ocrx_word' id='word_1_203' title='bbox 290 1926 337 1968; x_wconf 90' lang='lat' dir='ltr'><strong>ni</strong></span> <span class='ocrx_word' id='word_1_204' title='bbox 361 1923 517 1977; x_wconf 82' lang='lat' dir='ltr'><strong>fallor,</strong></span> <span class='ocrx_word' id='word_1_205' title='bbox 551 1927 836 1979; x_wconf 80' lang='lat' dir='ltr'><strong>Hofmanno,</strong></span> <span class='ocrx_word' id='word_1_206' title='bbox 891 1927 1012 1970; x_wconf 73' lang='lat' dir='ltr'><strong>Prof.</strong></span> <span class='ocrx_word' id='word_1_207' title='bbox 1036 1922 1233 1970; x_wconf 77' lang='lat' dir='ltr'><strong>Altdorf.</strong></span> <span class='ocrx_word' id='word_1_208' title='bbox 1254 1938 1351 1969; x_wconf 87' lang='lat' dir='ltr'><strong>non.</strong></span> 
     </span>
     <span class='ocr_line' id='line_1_37' title="bbox 97 1990 1353 2054; baseline 0 -19"><span class='ocrx_word' id='word_1_209' title='bbox 97 1990 241 2036; x_wconf 85' lang='lat' dir='ltr'><strong>solum</strong></span> <span class='ocrx_word' id='word_1_210' title='bbox 262 2006 435 2035; x_wconf 84' lang='lat' dir='ltr'><strong>errores</strong></span> <span class='ocrx_word' id='word_1_211' title='bbox 458 1992 767 2054; x_wconf 73' lang='lat' dir='ltr'><strong>typographici</strong></span> <span class='ocrx_word' id='word_1_212' title='bbox 798 1993 898 2037; x_wconf 84' lang='lat' dir='ltr'><strong>sunt</strong></span> <span class='ocrx_word' id='word_1_213' title='bbox 927 1991 1139 2042; x_wconf 61' lang='lat' dir='ltr'><strong>corre6ti3</strong></span> <span class='ocrx_word' id='word_1_214' title='bbox 1184 1991 1259 2035; x_wconf 91' lang='lat' dir='ltr'><strong>sed</strong></span> <span class='ocrx_word' id='word_1_215' title='bbox 1285 1999 1353 2035; x_wconf 85' lang='lat' dir='ltr'><strong>et-</strong></span> 
     </span>
     <span class='ocr_line' id='line_1_38' title="bbox 98 2057 1354 2120; baseline 0 -17"><span class='ocrx_word' id='word_1_216' title='bbox 98 2060 186 2103; x_wconf 83' lang='lat' dir='ltr'><strong>iam</strong></span> <span class='ocrx_word' id='word_1_217' title='bbox 206 2057 370 2103; x_wconf 85' lang='lat' dir='ltr'><strong>multae</strong></span> <span class='ocrx_word' id='word_1_218' title='bbox 391 2060 726 2103; x_wconf 79' lang='lat' dir='ltr'><strong>emendationes</strong></span> <span class='ocrx_word' id='word_1_219' title='bbox 760 2061 947 2120; x_wconf 85' lang='lat' dir='ltr'><strong>margini</strong></span> <span class='ocrx_word' id='word_1_220' title='bbox 974 2059 1236 2115; x_wconf 81' lang='lat' dir='ltr'><strong>adscriptae:</strong></span> <span class='ocrx_word' id='word_1_221' title='bbox 1285 2058 1354 2103; x_wconf 86' lang='lat' dir='ltr'><strong>id-</strong></span> 
     </span>
     <span class='ocr_line' id='line_1_39' title="bbox 103 2122 1354 2183; baseline -0.001 -14"><span class='ocrx_word' id='word_1_222' title='bbox 103 2141 189 2183; x_wconf 87' lang='lat' dir='ltr'><strong>que</strong></span> <span class='ocrx_word' id='word_1_223' title='bbox 212 2124 464 2183; x_wconf 79' lang='lat' dir='ltr'><strong>exemplum</strong></span> <span class='ocrx_word' id='word_1_224' title='bbox 487 2122 609 2170; x_wconf 86' lang='lat' dir='ltr'><strong>fuisse</strong></span> <span class='ocrx_word' id='word_1_225' title='bbox 626 2127 824 2179; x_wconf 82' lang='lat' dir='ltr'><strong>videtur,</strong></span> <span class='ocrx_word' id='word_1_226' title='bbox 871 2126 992 2183; x_wconf 92' lang='lat' dir='ltr'><strong>quod</strong></span> <span class='ocrx_word' id='word_1_227' title='bbox 1021 2125 1149 2182; x_wconf 88' lang='lat' dir='ltr'><strong>prelo</strong></span> <span class='ocrx_word' id='word_1_228' title='bbox 1180 2133 1354 2182; x_wconf 86' lang='lat' dir='ltr'><strong>paratu-</strong></span> 
     </span>
     <span class='ocr_line' id='line_1_40' title="bbox 103 2191 1356 2251; baseline -0.002 -14"><span class='ocrx_word' id='word_1_229' title='bbox 103 2209 177 2237; x_wconf 89' lang='lat' dir='ltr'><strong>rus</strong></span> <span class='ocrx_word' id='word_1_230' title='bbox 216 2200 312 2237; x_wconf 83' lang='lat' dir='ltr'><strong>erat</strong></span> <span class='ocrx_word' id='word_1_231' title='bbox 350 2195 647 2239; x_wconf 69' lang='lat' dir='ltr'><strong>Hofmannus.</strong></span> <span class='ocrx_word' id='word_1_232' title='bbox 699 2216 764 2226; x_wconf 90' lang='lat'><strong>--</strong></span> <span class='ocrx_word' id='word_1_233' title='bbox 798 2194 944 2249; x_wconf 88' lang='lat' dir='ltr'><strong>Opera</strong></span> <span class='ocrx_word' id='word_1_234' title='bbox 976 2208 1043 2251; x_wconf 85' lang='lat' dir='ltr'><strong>gr.</strong></span> <span class='ocrx_word' id='word_1_235' title='bbox 1077 2201 1126 2237; x_wconf 88' lang='lat' dir='ltr'><strong>et</strong></span> <span class='ocrx_word' id='word_1_236' title='bbox 1155 2191 1229 2236; x_wconf 84' lang='lat' dir='ltr'><strong>lat.</strong></span> <span class='ocrx_word' id='word_1_237' title='bbox 1255 2206 1356 2235; x_wconf 89' lang='lat' dir='ltr'><strong>cum</strong></span> 
     </span>
     <span class='ocr_line' id='line_1_41' title="bbox 103 2256 1357 2319; baseline -0.001 -16"><span class='ocrx_word' id='word_1_238' title='bbox 103 2261 401 2319; x_wconf 79' lang='lat' dir='ltr'><strong>Hippocrate,</strong></span> <span class='ocrx_word' id='word_1_239' title='bbox 431 2275 509 2316; x_wconf 91' lang='lat' dir='ltr'><strong>per</strong></span> <span class='ocrx_word' id='word_1_240' title='bbox 529 2260 738 2302; x_wconf 79' lang='lat' dir='ltr'><strong>Renatum</strong></span> <span class='ocrx_word' id='word_1_241' title='bbox 750 2256 1039 2304; x_wconf 71' lang='lat' dir='ltr'><strong>charterlzmz.</strong></span> <span class='ocrx_word' id='word_1_242' title='bbox 1070 2260 1197 2302; x_wconf 82' lang='lat' dir='ltr'><strong>Paris.</strong></span> <span class='ocrx_word' id='word_1_243' title='bbox 1221 2258 1357 2318; x_wconf 85' lang='lat'>1679.</span> 
     </span>
     <span class='ocr_line' id='line_1_42' title="bbox 106 2322 1358 2384; baseline -0.001 -15"><span class='ocrx_word' id='word_1_244' title='bbox 106 2324 185 2370; x_wconf 78' lang='lat' dir='ltr'><strong>sol.</strong></span> <span class='ocrx_word' id='word_1_245' title='bbox 209 2329 258 2370; x_wconf 88' lang='lat' dir='ltr'><strong>in</strong></span> <span class='ocrx_word' id='word_1_246' title='bbox 282 2342 366 2384; x_wconf 88' lang='lat' dir='ltr'><strong>qua</strong></span> <span class='ocrx_word' id='word_1_247' title='bbox 387 2324 646 2371; x_wconf 82' lang='lat' dir='ltr'><strong>nobiliffima</strong></span> <span class='ocrx_word' id='word_1_248' title='bbox 667 2328 869 2371; x_wconf 86' lang='lat' dir='ltr'><strong>editione</strong></span> <span class='ocrx_word' id='word_1_249' title='bbox 895 2325 1032 2370; x_wconf 84' lang='lat' dir='ltr'><strong>multa</strong></span> <span class='ocrx_word' id='word_1_250' title='bbox 1057 2322 1262 2382; x_wconf 77' lang='lat' dir='ltr'><strong>opuscula</strong></span> <span class='ocrx_word' id='word_1_251' title='bbox 1275 2327 1358 2375; x_wconf 50' lang='lat' dir='ltr'><strong>Ga-,</strong></span> 
     </span>
     <span class='ocr_line' id='line_1_43' title="bbox 108 2390 1359 2451; baseline 0 -15"><span class='ocrx_word' id='word_1_252' title='bbox 108 2390 202 2437; x_wconf 88' lang='lat' dir='ltr'><strong>leni</strong></span> <span class='ocrx_word' id='word_1_253' title='bbox 218 2392 292 2437; x_wconf 89' lang='lat' dir='ltr'><strong>vel</strong></span> <span class='ocrx_word' id='word_1_254' title='bbox 313 2395 504 2451; x_wconf 65' lang='lat' dir='ltr'><strong>primum</strong></span> <span class='ocrx_word' id='word_1_255' title='bbox 518 2395 808 2451; x_wconf 85' lang='lat' dir='ltr'><strong>adspexerunt</strong></span> <span class='ocrx_word' id='word_1_256' title='bbox 830 2393 997 2445; x_wconf 85' lang='lat' dir='ltr'><strong>lucem,</strong></span> <span class='ocrx_word' id='word_1_257' title='bbox 1031 2391 1103 2439; x_wconf 88' lang='lat' dir='ltr'><strong>vel</strong></span> <span class='ocrx_word' id='word_1_258' title='bbox 1122 2407 1173 2437; x_wconf 85' lang='lat' dir='ltr'><strong>ex</strong></span> <span class='ocrx_word' id='word_1_259' title='bbox 1196 2393 1359 2437; x_wconf 91' lang='lat' dir='ltr'><strong>codici·</strong></span> 
     </span>
    </p>
   </div>
   <div class='ocr_carea' id='block_1_28' title="bbox 111 2458 1362 2588">
    <p class='ocr_par' dir='ltr' id='par_1_28' title="bbox 111 2458 1362 2588">
     <span class='ocr_line' id='line_1_44' title="bbox 111 2458 1360 2517; baseline 0.002 -16"><span class='ocrx_word' id='word_1_260' title='bbox 111 2461 190 2501; x_wconf 88' lang='lat' dir='ltr'><strong>bus</strong></span> <span class='ocrx_word' id='word_1_261' title='bbox 216 2462 554 2506; x_wconf 86' lang='lat' dir='ltr'><strong>emendatiores.</strong></span> <span class='ocrx_word' id='word_1_262' title='bbox 586 2487 644 2496; x_wconf 90' lang='lat'><em>-</em></span> <span class='ocrx_word' id='word_1_263' title='bbox 679 2462 893 2507; x_wconf 83' lang='lat' dir='ltr'><strong>Omnium</strong></span> <span class='ocrx_word' id='word_1_264' title='bbox 916 2458 1065 2502; x_wconf 78' lang='lat' dir='ltr'><strong>Galeni</strong></span> <span class='ocrx_word' id='word_1_265' title='bbox 1077 2475 1263 2517; x_wconf 87' lang='lat' dir='ltr'><strong>operum</strong></span> <span class='ocrx_word' id='word_1_266' title='bbox 1277 2475 1360 2504; x_wconf 90' lang='lat' dir='ltr'><strong>no-</strong></span> 
     </span>
     <span class='ocr_line' id='line_1_45' title="bbox 113 2525 1362 2588; baseline 0.001 -16"><span class='ocrx_word' id='word_1_267' title='bbox 113 2540 213 2572; x_wconf 83' lang='lat' dir='ltr'><strong>uam</strong></span> <span class='ocrx_word' id='word_1_268' title='bbox 234 2526 480 2575; x_wconf 80' lang='lat' dir='ltr'><strong>editionem</strong></span> <span class='ocrx_word' id='word_1_269' title='bbox 499 2544 599 2577; x_wconf 86' lang='lat' dir='ltr'><strong>cum</strong></span> <span class='ocrx_word' id='word_1_270' title='bbox 632 2531 764 2588; x_wconf 85' lang='lat' dir='ltr'><strong>patris</strong></span> <span class='ocrx_word' id='word_1_271' title='bbox 809 2528 871 2575; x_wconf 86' lang='lat' dir='ltr'><strong>sui</strong></span> <span class='ocrx_word' id='word_1_272' title='bbox 903 2528 1124 2577; x_wconf 75' lang='lat' dir='ltr'><strong>adnotatt.</strong></span> <span class='ocrx_word' id='word_1_273' title='bbox 1147 2525 1362 2587; x_wconf 71' lang='lat' dir='ltr'><strong>promisit.</strong></span> 
     </span>
    </p>
   </div>
   <div class='ocr_carea' id='block_1_29' title="bbox 1296 2594 1357 2642">
    <p class='ocr_par' dir='ltr' id='par_1_29' title="bbox 1296 2594 1357 2642">
     <span class='ocr_line' id='line_1_46' title="bbox 1296 2594 1357 2642; baseline -0.033 -4"><span class='ocrx_word' id='word_1_274' title='bbox 1296 2594 1357 2642; x_wconf 77' lang='lat' dir='ltr'><strong>Io.</strong></span> 
     </span>
    </p>
   </div>
   <div class='ocr_carea' id='block_1_30' title="bbox 1681 2477 1686 3013">
    <p class='ocr_par' dir='ltr' id='par_1_30' title="bbox 1681 2477 1686 3013">
     <span class='ocr_line' id='line_1_47' title="bbox 1681 2477 1686 3013; baseline 0 0"><span class='ocrx_word' id='word_1_275' title='bbox 1681 2477 1686 3013; x_wconf 95' lang='lat' dir='ltr'><strong> </strong></span> 
     </span>
    </p>
   </div>
   <div class='ocr_carea' id='block_1_31' title="bbox 1676 2477 1686 3025">
    <p class='ocr_par' dir='ltr' id='par_1_31' title="bbox 1676 2477 1686 3025">
     <span class='ocr_line' id='line_1_48' title="bbox 1676 2477 1686 3025; baseline 0 0"><span class='ocrx_word' id='word_1_276' title='bbox 1676 2477 1686 3025; x_wconf 95' lang='lat' dir='ltr'><strong> </strong></span> 
     </span>
    </p>
   </div>
  </div>
 </body>
</html>
