1686 3025
437 232 716 281 CLAVDIVS
747 218 1010 278 GALENVS.
1257 233 1351 296 169

57 363 267 425 Menag.
294 362 349 407 ad
384 363 518 422 Diog
543 363 686 406 Laert.
718 373 757 404 1.
785 371 859 402 21.
895 358 1093 411 Contra,
1133 372 1236 402 eum
1258 359 1360 403 fuis-

83 433 141 478 se
164 432 347 476 stoicum
370 440 418 475 et
442 430 622 474 atheum
638 460 651 483 ,
698 424 952 472 adfirmanur
980 427 1028 469 in
1064 441 1181 470 noua
1201 425 1361 469 biblio-

32 522 39 526 ·
99 501 228 545 theca
254 499 525 559 (germanice
548 497 748 553 scripta.)
776 503 887 539 tom
913 495 988 536 111.
1014 509 1112 570 pag.
1144 500 1232 546 811
1266 495 1364 552 sqq

95 567 226 612 Plur'a
258 567 358 610 vide
394 566 507 622 apud
538 564 884 611 Reimmanmzm,
959 563 1033 619 qui
1063 561 1277 606 Galenum
1308 563 1362 605 ab

99 635 180 679 isto
204 636 387 679 crimine
409 633 613 676 vindicat.
650 632 698 672 in
723 627 898 672 historia
910 628 1139 673 Vniuersali
1156 629 1365 681 ratheismi

101 717 201 762 pag
226 708 315 761 238
358 700 448 756 sqq.
501 699 552 741 ln
579 704 846 773 argumento
885 712 953 756 gr
985 695 1210 741 Athenaei
1243 695 1366 742 libris

104 767 299 829 praefixo
327 767 403 811 sub
428 764 504 809 fin.
525 766 708 825 egregie
728 764 942 808 laudatur.

212 849 265 895 3
286 833 506 881 Permulta
532 830 696 890 scripsit
715 829 1036 888 philosophici,
1086 830 1368 876 mathemati-

105 903 144 946 ci
174 911 222 946 et
252 902 548 961 grammatici,
602 896 872 956 potissimum
906 899 1068 941 medici
1100 900 1369 956 argumenti.

11 964 21 1009 Γ
105 971 272 1012 Eorum
292 983 422 1017 vero,
459 982 569 1025 quae
593 964 761 1024 edidit,
797 963 1048 1024 catalogum
1082 966 1331 1018 Fabricius
1321 980 1370 1008 in
1441 985 1445 987 ·

106 1037 154 1082 B.
179 1037 257 1079 Gr.
283 1044 330 1081 et
353 1032 558 1078 Hallerus
582 1035 629 1077 in
645 1034 724 1077 suis
741 1031 1020 1077 bibliothecis
1036 1032 1239 1090 praelica,
1270 1047 1372 1076 ana·

108 1105 302 1158 tomica,
336 1103 540 1146 botanica
566 1110 614 1146 et
638 1101 907 1161 chirurgica,
948 1103 1257 1144 confecerunt.
1292 1102 1372 1144 At-

111 1185 198 1228 que
224 1168 428 1216 Hallerus
454 1170 509 1213 de
535 1167 710 1230 singulis
735 1167 872 1220 libris,
911 1181 1069 1211 eorum
1098 1168 1373 1211 editionibus

112 1248 245 1302 atque
267 1238 585 1294 interpretibus
613 1232 902 1294 copiofiffime
929 1237 1037 1294 egit.
1103 1237 1249 1285 Quare
1283 1249 1371 1289 ego
1431 1245 1434 1248 '

112 1319 196 1348 nec
222 1303 347 1347 sacris
383 1302 621 1361 Aesculapii
653 1305 878 1358 initiatus,
940 1316 1026 1347 nec
1056 1300 1282 1361 legitimus
1316 1303 1373 1346 de

116 1370 288 1423 Gale-ni,
313 1371 388 1427 qui
407 1370 586 1414 sanioris
602 1371 771 1416 critices
794 1380 928 1429 atque
949 1369 1186 1428 exegeseos
1216 1385 1374 1427 parens

113 1440 242 1482 nobis
269 1437 404 1481 fastus
427 1436 513 1488 est,
547 1439 715 1482 meritis
732 1468 746 1490 ,
781 1451 891 1494 quae
919 1435 1082 1480 summa
1111 1432 1196 1481 esse
1221 1437 1376 1480 dicun-

113 1513 212 1558 tur,
241 1504 400 1557 iudex,
437 1503 556 1551 testis
578 1504 633 1547 de
658 1506 749 1547 eius
783 1503 961 1547 dicendi
996 1517 1195 1562 genere,
1251 1504 1375 1561 quod

117 1575 169 1617 ab
196 1571 286 1614 aliis
306 1571 535 1625 laudatur,
565 1570 789 1626 locuple3‚
833 1570 1028 1614 curiosos
1051 1571 1103 1614 ad
1140 1569 1252 1614 illius
1284 1586 1379 1614 me-
1428 1584 1431 1585 ’

120 1640 204 1684 dici
217 1638 369 1682 summi
385 1635 672 1681 bibliothecas
686 1635 860 1695 ablega.
895 1634 1073 1693 Iniquus
1086 1638 1132 1680 in
1145 1636 1378 1687 Galenum,

116 1703 225 1750 nulli
251 1704 388 1749 sectae
417 1704 760 1756 adhaerentem,
795 1700 856 1745 est
877 1703 932 1745 D.
953 1702 1151 1760 Nletzger
1170 1705 1216 1746 in
1232 1703 1379 1748 Skizze

117 1774 242 1817 einer
265 1770 616 1831 pragmatischen
642 1770 875 1814 Litterair-
892 1769 1150 1814 Geschichte
1185 1771 1266 1814 der
1288 1774 1381 1816 ΜΘ-

116 1840 249 1885 dicin.
286 1840 572 1899 Regiomont.
614 1850 755 1894 1792.
802 1843 842 1888 8.
881 1837 1056 1893 period.
1091 1839 1164 1882 IV.
1203 1853 1236 1882 c.
1274 1837 1303 1883 l.
1336 1854 1382 1884 v·

119 1905 469 1951 censuramillius
481 1904 580 1950 libri
593 1906 638 1949 in
649 1905 915 1963 Wurcburg.
931 1904 1104 1961 ephem.
1127 1903 1215 1949 litt.
1241 1918 1381 1966 1793.

120 1990 166 2018 n.
198 1986 270 2030 19·
295 1988 393 2033 pag.
418 1987 509 2032 300
535 1973 596 2030 sq.
629 1995 694 2004 ——
730 1971 1058 2016 Excellentibus
1096 1973 1256 2016 criticis
1277 1988 1382 2017 eum

121 2041 384 2086 adnumerat
419 2035 552 2084 Henr.
581 2037 757 2094 Valesius
780 2038 855 2082 lib.
876 2039 930 2082 de
957 2041 1107 2083 critica
1139 2055 1240 2100 pag.
1272 2053 1380 2095 170.

40 2128 41 2131 ¹
122 2108 277 2152 addito
314 2108 406 2152 eius
438 2107 749 2152 Emendation.
783 2121 806 2150 a
831 2107 1384 2164 Burmann011.publica-

22 2183 23 2217 i
125 2177 196 2222 tis.

227 2254 270 2298 4.
306 2237 660 2299 Infignem‚quae
672 2247 820 2285 tamen
839 2241 991 2299 augeri
1017 2239 1175 2296 potest,
1211 2242 1384 2297 copiam

129 2309 378 2364 editionum
413 2316 460 2352 et
493 2306 742 2353 versionum
772 2323 866 2352 cum
892 2310 1092 2353 omnium
1119 2306 1388 2365 pluriumue‚

130 2383 228 2420 tum
251 2375 448 2431 inprimis
484 2373 758 2436 fingulorum
790 2374 1008 2420 librorum
1042 2377 1127 2417 iam
1170 2378 1387 2432 praebent

132 2439 368 2485 Maittarii.
391 2441 564 2486 annales
597 2442 923 2503 typographici.
1014 2444 1111 2502 Ego
1146 2456 1283 2497 vero,
1327 2460 1386 2489 ne

132 2507 318 2555 modum
349 2510 554 2556 excedam
593 2509 664 2554 vel
695 2510 987 2567 plurimorum
1033 2513 1388 2567 enumeratione,

687 2580 721 2623 L
756 2591 780 2638 ς
1342 2582 1389 2628 in.
