1686 3025
422 221 704 271 CLAVDIVS
731 222 768 271 P
777 221 1118 273 TOLEMAEVS.
1306 239 1326 273 1
1339 240 1363 288 ς
1375 239 1407 275 ι,-

140 346 238 396 Alia
260 347 458 407 exempla
476 348 642 397 habent
665 351 1052 411 subscriptionem.
1089 343 1256 392 Ibdocus
1278 348 1396 394 Hons

141 414 239 460 dius
263 414 433 460 excudit
447 413 534 473 fibi
557 429 596 462 et
620 418 808 464 Cornelio
830 417 1012 476 Nicolcd,
1041 419 1088 460 in
1100 419 1215 460 cuius
1226 413 1392 473 officina

131 483 328 547 prostant
350 482 629 543 Francofurti
659 487 794 545 1605.
810 485 1035 533 aliavero:
1059 479 1273 544 ficmtibus
1291 485 1392 528 Cor-

139 551 250 600 nelii
271 552 440 595 Nicolai
461 563 501 596 ct
522 549 660 596 Iodocz
671 550 854 612 Hondii,
880 548 1224 610 Amstcrodammi
1246 536 1395 612 160503

137 618 217 666 fol,
238 621 329 663 Vna
345 629 494 666 autem
516 621 759 677 eademque
782 620 844 664 est
865 621 1017 677 editio.
1052 651 1109 661 -
1143 636 1207 681 gr.
1238 628 1285 666 et
1311 618 1390 667 lat·

136 701 293 746 graeca
303 688 355 731 ad
369 688 467 731 cod.
483 685 773 747 Heidelberg.
794 686 953 732 collata
963 696 1044 734 etc2
1059 703 1075 732 1
1086 687 1114 732 6
1126 702 1141 731 1
1156 694 1178 739 8
1197 686 1388 745 fol.quae

137 755 298 799 citatur
322 756 429 799 edit.
444 754 594 798 excusa
616 755 756 798 modo
791 755 931 814 Lugd.
962 757 1007 801 Β.
1031 755 1169 799 modo
1189 757 1398 803 Francof.'

133 829 184 865 et
208 820 386 867 Amstel.
420 823 494 879 qui
514 836 641 867 error
674 823 781 866 inde
813 831 938 867 ortus
967 820 1043 879 est,
1086 822 1218 880 quia2
1247 831 1296 866 vt
1326 824 1390 868 aie

132 887 301 934 Raidel.
337 903 433 948 pag.
475 899 554 944 37.
579 890 639 947 sq.
683 889 845 933 Isaacus
868 888 1132 941 Elzeuirius,
1174 896 1390 949 typogra-

130 952 245 1011 phus
270 956 554 1015 Lugdunens.
579 971 634 1000 ex
654 952 781 1000 cuius'
810 954 985 1000 officina
1020 956 1249 1015 prodierat
1278 956 1389 1000 haee—

132 1022 301 1079 editio,
364 1037 535 1066 nomen
568 1024 693 1067 suum
717 1023 764 1067 in
796 1022 948 1069 Vltima
973 1019 1177 1080 expreffit
1200 1024 1385 1082 pagina;

129 1089 323 1134 Iodocus
355 1098 506 1134 autem
535 1091 769 1145 Hondius,
803 1090 968 1136 sumtus
1003 1091 1310 1148 suppeditans,
1337 1091 1387 1134 in

128 1158 270 1214 prima
294 1159 474 1217 pagina,
506 1159 583 1215 qui
618 1167 667 1205 et
687 1158 1000 1206 Amstelodami
1034 1169 1082 1205 et
1106 1158 1387 1207 Francofurti

131 1221 352 1269 officinam
400 1223 554 1270 habuit:
609 1224 843 1273 librariam.
881 1254 938 1266 --.
1006 1227 1188 1285 Integra
1233 1233 1386 1269 autem

128 1287 238 1335 haec
271 1293 408 1336 editio
438 1293 605 1338 inserta
625 1293 711 1347 est,
745 1293 997 1353 (separatim
1019 1307 1199 1352 quoque
1232 1293 1388 1336 vendi-

129 1361 225 1415 tur)
261 1366 390 1402 tomo
411 1361 556 1415 primo
582 1363 730 1418 operis
756 1370 804 1406 et
827 1363 913 1405 carl
933 1370 981 1407 et
1016 1363 1128 1412 rari,
1163 1359 1386 1417 inscripti:

227 1421 461 1467 Theatrum
474 1424 764 1488 geographiae
789 1431 961 1480 veteris,
996 1422 1149 1469 duobus
1171 1428 1295 1469 tomis
1321 1421 1388 1468 di-

119 1488 351 1548 stinctum,
418 1488 562 1535 edente
598 1492 724 1536 Petro
760 1494 906 1537 Ber-tio
940 1494 1112 1540 Bcuero.
1143 1521 1199 1531 --
1236 1493 1387 1535 Tomus

123 1562 266 1621 prior,
299 1562 348 1600 in
374 1573 453 1619 quo
480 1558 540 1602 Cl.
563 1559 673 1604 Ptol.
695 1557 986 1603 Alexandrini
1017 1556 1308 1621 Geographiae
1328 1558 1389 1601 li..

130 1621 202 1670 bri
225 1623 337 1668 VIII.
354 1638 508 1683 graece
530 1635 572 1667 ct
597 1623 675 1669 lat.
698 1626 863 1668 Graeca
893 1623 954 1669 ad
986 1623 1140 1671 codices
1160 1625 1387 1669 Palatinos·

127 1690 313 1744 collata,
349 1687 474 1734 aucsc'a
509 1701 550 1733 et
585 1689 808 1737 emendata
825 1690 966 1750 sunt:
1001 1693 1161 1735 Latina
1196 1690 1387 1748 infinitis·

127 1757 228 1803 locis
250 1768 451 1805 correcta.
488 1758 639 1803 Tomus
654 1757 872 1822 posterior,
908 1762 956 1805 in
987 1774 1069 1822 quo
1099 1759 1387 1802 Itinerarium

127 1827 336 1870 Antonini
365 1827 636 1888 imperatoris
671 1824 871 1882 terrestre
899 1837 940 1870 et
974 1829 1261 1878 maritimum,
1297 1836 1385 1873 etc.

127 1893 467 1951 Amstelodami,
499 1908 552 1938 ex
576 1892 750 1941 officina
766 1896 923 1939 lodoci
943 1895 1130 1939 Hondii.
1154 1897 1289 1954 1619.
1305 1894 1385 1938 fol.

129 1963 227 2009 mai.
252 1964 366 2006 conf.
385 1960 678 2021 Baumgarten
702 1961 1003 2008 Nachrichten
1026 1977 1117 2006 von
1137 1963 1261 2006 einer
1276 1961 1385 2006 Hal·

129 2028 293 2073 lischen
316 2026 423 2073 Bibl.
444 2030 583 2075 tomI.
596 2044 696 2089 pag.
721 2036 835 2087 458.
858 2030 952 2088 sqq.
971 2030 1045 2074 vbi
1071 2044 1168 2088 pag.
1194 2028 1259 2087 46
1268 2043 1289 2087 ς
1320 2029 1385 2086 sq.

125 2097 174 2142 in
215 2104 323 2140 nota
367 2095 584 2141 adnotate.
632 2099 914 2150 referuntur,
1007 2111 1112 2155 quas
1168 2094 1397 2147 Cellatius2

130 2178 262 2210 manu
285 2163 356 2206 sua
377 2161 580 2220 exemplo
603 2160 666 2206 illi
688 2163 984 2221 adscripserat.

228 2230 436 2274 Notanda
460 2244 641 2287 quoque
664 2229 724 2273 est
762 2231 901 2275 editio
936 2227 1170 2290 rariffima,
1219 2245 1330 2287 quae
1357 2244 1383 2277 a

129 2298 333 2349 Serueto,
366 2297 472 2340 ideo
495 2299 542 2340 in
558 2297 767 2345 iudicium
789 2305 968 2356 vocam,
1002 2297 1063 2342 est
1084 2305 1254 2344 curata:
1290 2298 1384 2356 epi·

131 2363 296 2422 graphe
321 2379 431 2408 vero
459 2363 546 2410 est:
1099 2382 1103 2388 '

231 2428 536 2493 Gcographicae
568 2433 862 2474 enarrationis
894 2430 995 2477 libri
1027 2434 1140 2478 VIII,
1171 2449 1225 2478 ex
1258 2432 1383 2481 Bilib.

132 2493 437 2558 Pirkheymeri
462 2497 779 2555 translatione,
815 2499 893 2546 sed
919 2500 975 2547 ad
999 2501 1164 2550 Graeca
1186 2509 1233 2548 et
1245 2500 1385 2560 prisca

737 2572 775 2617 K
809 2581 845 2627 4
1239 2584 1387 2616 exem·
