1686 3025
263 294 359 345 542
384 295 396 299 ··
414 264 871 332 'CONSTANTINVS
907 277 1384 335 HARMENOPVLVS.

257 413 307 452 et
325 402 552 461 Philothei,
577 405 677 468 (qui
696 407 943 468 patriarcha
967 409 1052 454 fuit
1067 407 1296 455 CPolitan.
1316 424 1353 454 a.
1374 418 1517 469 1354.

255 482 307 520 et
327 477 381 520 ab
402 492 439 522 a.
470 478 610 536 1362
630 477 686 521 ad
715 477 884 537 1376.)
907 488 1065 538 graece
1090 490 1144 520 ex
1165 476 1270 524 cod.
1295 478 1514 537 Sambuci‚

251 549 303 587 et
328 558 430 588 curn
451 542 525 590 lat.
549 543 614 589 Io.
636 543 892 589 Leunclauii
914 542 1132 597 versione,
1172 545 1221 587 in
1240 543 1394 605 Marg.
1409 546 1516 589 Fre-

247 605 348 653 heri
381 609 483 656 Iure
513 627 712 672 graeco·
692 624 938 668 ·romano‚
969 610 1051 659 lib.
1072 613 1109 657 Ι.
1143 625 1244 671 pag.
1289 625 1307 656 1
1336 631 1403 648 ⁶—-
1429 625 1514 670 71.

248 674 455 724 Francos.
488 682 628 738 1596.
653 678 732 725 fol.
797 680 884 725 Sed
909 680 1109 737 epitome
1131 680 1266 739 digna
1289 679 1513 734 censetur,

248 748 368 803 'quae
403 755 504 791 cum
535 748 668 793 codd.
708 747 966 792 Vindobon.
992 755 1244 818 comparata
1266 747 1510 792 correfflus

250 813 426 865 edatur.
465 830 507 859 v
542 809 779 858 Lambecii
789 823 1034 860 comment
1069 813 1184 859 laud.
1211 813 1300 860 vol
1328 814 1382 862 V.
1405 827 1510 878 pag

249 884 367 940 337.
397 888 446 926 et
477 883 552 927 w.
583 898 686 944 pag
724 888 800 943 83.
833 883 987 941 ibique
1017 880 1181 928 Kollar.
1214 890 1263 927 et
1295 896 1398 944 pag.
1429 890 1506 941 87.

245 943 342 1007 sqq.
371 960 469 994 cum
493 949 796 996 notaKollarii
829 969 896 983 ·—-
934 951 1004 995 De
1029 951 1316 1008 opinionibus
1341 959 1430 997 etc.
1459 957 1509 996 et

244 1015 304 1059 de
325 1014 415 1061 fide
440 1016 719 1072 orthodoxa,
759 1034 827 1078 gr.
848 1029 951 1063 cum
972 1014 1107 1062 latina
1130 1015 1381 1062 Leunclauii
1403 1016 1504 1062 velr-

242 1079 396 1136 fione‚
434 1083 489 1129 ad
512 1084 677 1129 calcem
696 1084 935 1145 legationis
956 1087 1077 1131 Man.
1104 1085 1328 1130 comneni
1351 1086 1405 1128 ad
1420 1087 1503 1129 Ar-

241 1153 446 1204 menios,
482 1149 602 1195 Bafil.
640 1157 785 1208 1578.
824 1157 871 1202 8.
898 1165 1001 1210 pag·
1030 1164 1138 1207 557.
1162 1151 1361 1207 -576.
1386 1153 1505 1196 item·

241 1216 292 1261 in
311 1214 497 1260 Fre'heri
519 1219 617 1261 iure
640 1227 804 1278 graeco
827 1243 849 1254 -
870 1231 986 1262 rom.
1007 1228 1105 1276 pag.
1131 1208 1246 1280 5457.
1268 1216 1360 1275 sqq.
1387 1225 1500 1262 tom.

245 1297 291 1330 1.
320 1306 387 1318 ——
422 1286 472 1329 in
505 1284 698 1329 audiario
731 1281 837 1330 bibl.
871 1291 1050 1342 patrum
1071 1286 1334 1338 Ducaeano‚
1368 1282 1502 1335 Pari's‘.

243 1350 394 1410 1624.
427 1359 542 1397 tom.
580 1351 617 1398 Ι.
656 1359 705 1397 et
740 1353 788 1396 in
822 1350 927 1398 bibl.
959 1361 1164 1410 patrum,
1202 1352 1273 1396 ed.
1296 1351 1500 1397 Motelli'-

234 1432 376 1474 anae,
410 1421 541 1465 Paris.
585 1420 724 1478 1644.
762 1419 904 1478 1654.
928 1427 1040 1465 tom.
1066 1420 1143 1464 XI.
1178 1443 1243 1454 --
1278 1414 1418 1464 lat'Ine
1440 1421 1496 1466 ad

178 1515 184 1522 -
235 1487 403 1532 calcem
427 1486 614 1530 Honorii
634 1486 943 1548 Augustodun.
969 1488 1026 1532 de
1046 1484 1310 1540 haerelibus,
1335 1486 1495 1533 Helm·

232 1554 388 1608 stadii,
431 1555 571 1614 1676.
603 1569 651 1614 4.
687 1579 747 1588 -—
822 1555 975 1597 Tomus
1005 1562 1091 1600 ete.
1129 1571 1196 1615 gr.
1231 1563 1280 1600 et
1304 1552 1379 1600 lat.
1402 1551 1492 1601 fine
1565 1611 1569 1614 μ
1639 1602 1686 1614 ..Ἴ

232 1625 427 1669 nomine
470 1622 685 1677 autioris,
734 1623 783 1666 in
823 1620 978 1664 Allatii
1007 1625 1189 1668 Graecia
1215 1619 1492 1678 orthodoxa,

232 1698 351 1740 tom.
374 1693 414 1738 I.
439 1705 541 1750 pag.
565 1696 679 1747 780.
701 1690 793 1748 sqq.
830 1692 1000 1735 Romae
1027 1692 1168 1750 1652.
1193 1703 1242 1749 4-

335 1772 382 1817 4.
413 1753 611 1801 Fabricii
627 1756 676 1804 B.
699 1759 774 1803 Gr.
793 1755 871 1802 lib.
895 1758 946 1804 V.
971 1772 1062 1815 cap.
1088 1771 1170 1816 42.
1195 1755 1289 1804 vol.-
1309 1760 1364 1803 Χ.
1379 1775 1485 1820 pag.

232 1838 351 1884 274.
387 1825 480 1884 sqq.
521 1826 597 1869 vbi
631 1839 815 1883 quoque
846 1821 923 1870 ille
956 1825 1014 1868 de
1041 1820 1211 1882 scriptis
1239 1825 1487 1871 Harmeno·

229 1893 326 1953 puli
352 1893 534 1942 ineditis
569 1894 687 1952 agit:
719 1907 831 1950 quae
852 1905 962 1937 vero
987 1892 1043 1936 de
1064 1892 1166 1937 cod.
1190 1891 1385 1939 Vindob.
1411 1896 1487 1952 qui

227 1963 430 2007 Lexicon
455 1963 610 2005 Harm.
632 1961 861 2013 continet,
899 1974 953 2004 ex
975 1956 1172 2004 Neffelio
1201 1963 1399 2017 profert,
1434 1977 1485 2007 ea

228 2028 508 2074 emendanda
530 2027 631 2073 sunt
655 2043 709 2071 ex
733 2021 947 2070 lambecii
967 2042 1128 2074 comm.
1152 2035 1349 2086 notaque
1375 2028 1484 2074 Koi-

222 2095 324 2142 larii
343 2095 434 2141 vol,
461 2097 523 2141 V.
541 2084 786 2143 comment.
811 2095 868 2139 de
890 2094 994 2138 bibl.
1010 2095 1219 2140 Caesarea
1241 2106 1345 2156 pag

224 2189 286 2201 --
332 2157 567 2224 Hamberg.
608 2173 656 2215 Ζ.
688 2162 746 2208 N
776 2154 855 2209 IV.
892 2178 990 2223 pag.
1025 2163 1132 2222 613.
1167 2162 1262 2221 sqq.
1384 2163 1485 2206 axii

223 2230 482 2278 0nom.11.
517 2244 616 2290 pag.
652 2230 755 2289 365.
794 2222 854 2288 sq.
894 2232 970 2288 qui
1000 2229 1148 2287 plures
1172 2226 1322 2274 laudat
1347 2227 1465 2278 V.D

221 2299 258 2346 Ι.
282 2300 389 2362 Aug.
413 2295 567 2342 Baebii
583 2296 1100 2354 historiaiuiisprudent.
1127 2306 1368 2348 romanae,
1403 2298 1476 2347 ed.

221 2377 317 2426 4ta.
364 2360 531 2425 Lipsiae
573 2371 717 2423 1782.
748 2370 789 2417 8.
813 2363 888 2411 lib.
912 2356 987 2409 IV.
1014 2379 1106 2422 cap.
1131 2377 1171 2407 2.
1195 2363 1240 2419 ξ.
1260 2361 1350 2408 XV.
1374 2381 1476 2427 pag.

221 2435 337 2488 688.
383 2437 476 2493 sqq.
509 2434 585 2491 qui
618 2440 775 2486 notat,
827 2434 874 2475 in
906 2430 1010 2475 bibl.
1045 2433 1228 2476 Senatus
1263 2430 1473 2490 Lipsiens.

216 2503 384 2548 seruari
408 2499 1085 2559 exemplumPromtuariiParis.
1114 2511 1253 2557 1540.
1275 2507 1315 2550 8.
1340 2515 1473 2550 manu

218 2573 307 2623 Iac.
345 2570 521 2630 Cuiacii.
545 2567 746 2630 pluribus
764 2565 872 2614 locis
893 2565 1021 2615 valde
1041 2566 1216 2612 audium
1237 2575 1284 2614 et
1306 2582 1332 2612 e
1341 2567 1470 2613 libro

1349 2644 1470 2685 msto
