1686 3025
244 231 344 278 240
581 213 864 261 DIOGENES
893 182 1037 258 LAER
1045 213 1188 264 TJVS.

243 358 350 404 pag.
375 342 448 386 16.
474 341 550 398 qui
575 345 725 396 putat,
759 338 895 398 Diog.
921 339 1145 383 Laertium
1178 352 1274 385 non
1303 334 1509 394 scripsisse

244 409 344 469 post
367 406 679 466 Porphyrium.
712 428 780 438 —-
811 400 1158 450 Dodivelltamen
1177 407 1226 449 in
1248 406 1432 451 exercit.
1458 407 1513 448 Π.

245 478 306 522 de
330 484 477 521 aetate
510 472 790 533 Pythagorae
825 488 926 534 pag.
969 479 1074 529 185.
1110 472 1207 530 sqq.
1233 475 1310 531 qui
1344 471 1509 517 multus

246 545 310 590 est
331 545 386 588 de
410 541 626 600 Diogenis
649 541 814 584 Laertii
839 549 1005 593 aetate,
1041 536 1391 598 cohtraslonstum
1424 539 1512 583 dis·

243 621 405 670 putans
422 642 436 662 ‚
469 616 613 666 putat,
645 606 888 666 Laertium,
924 609 1024 666 quia
1042 622 1145 652 eum
1163 622 1311 665 neque
1337 605 1512 651 Iambli-

243 678 379 730 chus‚
434 691 582 734 neque
631 674 920 734 Porphyrius,
977 673 1204 719 Iamblichi
1229 682 1511 731 praeceptor,

243 752 526 801 memorant,
561 757 657 786 non
687 741 831 787 multo
865 743 1166 800 antiquiorem
1195 736 1284 785 effe
1317 736 1511 799 potuiffe

241 812 612 863 ConstantinoM.
626 818 672 855 et
684 808 913 868 aequalem
925 806 1048 854 fuiffe
1059 808 1308 870 Porphyrii,
1319 823 1454 870 quem
1467 809 1513 851 i'n

243 882 410 928 notitia
432 881 488 923 de
502 877 753 938 Pythagora
768 887 816 922 et
830 877 1120 936 Pythagoreis
1134 906 1148 927 ,
1183 878 1363 929 Laertio
1371 875 1512 936 longe

243 943 796 1005 anteponendumcenset,
825 943 1122 992 aciamblichi.
1149 945 1224 1001 qui
1239 941 1349 987 nihil
1373 942 1510 986 debe-

247 1023 327 1060 ant
350 1015 528 1059 Laertio
545 1049 559 1069 ,
592 1012 668 1056 sed
704 1026 756 1055 ex
776 1013 1086 1056 communibus
1113 1012 1338 1064 fontibus,
1369 1012 1510 1055 immo

246 1099 302 1128 ex
324 1084 373 1125 iis
395 1094 593 1139 quoque,
632 1080 707 1136 qui
728 1076 906 1124 Laertio
932 1080 1079 1139 ignoti
1104 1074 1296 1131 fuissent,
1313 1074 1510 1122 haufiffe.
1578 1106 1582 1110 -

327 1178 337 1188 .
351 1163 395 1192 2.
431 1145 704 1206 Biographus
718 1147 1008 1202 antiquorum
1020 1144 1392 1201 philosophorum
1409 1146 1510 1191 scri-

246 1214 334 1276 pfit
355 1216 413 1260 de
434 1216 548 1266 vita,
595 1211 763 1269 placitis
789 1220 837 1256 et
860 1213 988 1256 acute
1021 1211 1147 1255 dietis
1171 1210 1394 1256 clarorum
1414 1211 1512 1270 phi·

244 1282 544 1341 losophorum
561 1278 661 1324 libr.
687 1281 744 1324 X.
812 1284 815 1286 ’
1318 1316 1320 1319 ,

346 1365 389 1409 3.
416 1350 540 1393 Prius
576 1350 806 1407 integrum
835 1347 1055 1406 Diogenis
1089 1362 1201 1405 opus
1245 1346 1294 1390 in
1322 1342 1510 1393 latinum

245 1419 505 1465 sermonem
527 1414 797 1467 conuersum
831 1415 1016 1472 prodiit,
1053 1430 1183 1472 quarn
1216 1421 1362 1459 textus
1383 1428 1510 1473 grae-

253 1503 332 1532 cus
369 1484 679 1529 excuderetur.
772 1485 921 1539 Atque
957 1484 1165 1540 princeps
1205 1480 1341 1527 latina
1368 1482 1510 1526 editio

245 1550 367 1611 ,Foſjio
391 1555 439 1596 in
458 1549 665 1610 catalogo
691 1549 820 1595 codd.
846 1549 952 1596 saec.
983 1552 1078 1594 XV.
1110 1545 1423 1607 impressorum
1443 1572 1512 1585 -

248 1624 298 1667 in
318 1619 423 1666 bibl.
451 1617 825 1678 Magliabechiana
858 1626 972 1669 tom.
992 1616 1030 1664 Ι.
1054 1632 1155 1676 pag.
1188 1620 1299 1661 610.
1331 1612 1418 1660 effe
1447 1617 1510 1660 vi-

246 1691 383 1740 detur
405 1686 612 1745 Diogenis
633 1683 803 1726 Laertii
827 1679 877 1726 de
910 1686 1008 1726 vita
1041 1693 1083 1726 et
1115 1678 1304 1726 moribus
1328 1679 1511 1745 philoso-

241 1753 440 1821 phorum,
474 1747 681 1806 Ambrosio
714 1746 1023 1808 camaldulenfi
1050 1753 1308 1813 interprete,
1345 1748 1433 1796 fine
1466 1766 1519 1797 a.

244 1820 519 1883 typographi
540 1829 587 1865 et
608 1818 696 1863 loci
719 1819 911 1874 indicio,
942 1820 1101 1876 partim
1127 1820 1174 1862 in
1196 1817 1274 1862 fol.
1290 1818 1397 1861 min.
1411 1833 1511 1875 par·

244 1893 331 1938 tim
360 1904 469 1934 vero
507 1889 553 1931 in
588 1901 635 1945 4.
672 1887 773 1929 mai.
862 1882 929 1929 Ex
973 1885 1151 1943 epistola
1182 1883 1247 1931 El.
1282 1879 1509 1941 Francisci

244 1952 476 2012 Marchisti
515 1949 741 2012 praemiffa
781 1951 962 2011 aliisque
1002 1953 1274 2012 argumentis
1312 1954 1510 2006 coniicit,

241 2026 359 2072 hanc
379 2021 689 2068 recensionem
709 2030 755 2066 et
775 2017 1122 2079 impreffionem,
1156 2020 1222 2076 (vt
1253 2019 1348 2077 ait‚)
1371 2018 1509 2064 huius

245 2092 396 2152 operis
421 2092 574 2134 Romae
607 2089 761 2133 factam
792 2083 916 2149 fuiffe¹
945 2098 1048 2133 ante
1080 2103 1244 2132 annum
1283 2096 1508 2146 1475.-et

247 2162 434 2220 quidem
465 2158 616 2216 primis
652 2153 935 2214 pontificatus
971 2157 1078 2201 Sixti
1115 2158 1188 2201 lV.
1211 2151 1536 2212 temporibus.'

247 2230 303 2273 In
337 2223 592 2273 Audiffredi
627 2222 752 2271 catal.
783 2224 893 2268 edit.
927 2239 1083 2268 roman
1117 2224 1226 2269 saec.
1261 2224 1353 2269 XV.
1387 2220 1507 2266 nulla

246 2294 364 2340 illius
397 2294 608 2340 editionis
642 2290 694 2337 fit
727 2293 915 2335 mentio.
999 2293 1051 2335 In
1085 2289 1288 2349 catalogo
1323 2290 1507 2346 quidem
1587 2293 1591 2296 “

243 2362 465 2408 librorum
507 2359 802 2420 Bolongaro-
828 2359 1089 2404 Creuennae
1134 2366 1246 2414 part.
1292 2357 1370 2402 IV.
1411 2357 1508 2402 edit

246 2429 465 2487 Amsterd.
495 2433 632 2485 1789.
663 2433 706 2477 8.
731 2442 830 2486 pag.
855 2439 961 2483 215.
998 2426 1058 2482 sq.
1090 2424 1162 2469 illa
1194 2424 1374 2481 copiose
1408 2423 1508 2468 dili-

247 2504 502 2558 genterque
525 2494 812 2553 describitur3
845 2493 920 2538 sed
944 2491 1196 2552 exemplum
1226 2490 1341 2539 illius
1374 2494 1507 2547 orba-

1406 2559 1569 2604 tum*
