1686 3025
226 230 326 294 360
528 259 537 261 -
567 256 572 262 .
727 207 958 270 LONGVS.

227 350 413 400 Tollius·
428 355 476 398 et
494 351 593 397 Nic.
629 347 880 406 Hinlopen.
914 369 983 380 —-
1046 347 1231 400 Textus,
1265 361 1290 391 a
1325 346 1484 399 Villoi.

225 422 358 469 sonio
375 421 682 471 concinnatus,
714 417 760 460 in
775 414 1002 474 splendida
1022 411 1240 473 editione,
1260 416 1376 472 typis
1399 411 1486 459 Βοὲ-

231 489 355 534 denii
380 490 557 532 Parmae
588 487 727 541 1786.
751 483 870 528 med.
899 497 947 540 4.
973 484 1020 525 in
1044 482 1338 542 typographIa
1362 483 1485 543 regia

232 570 392 617 graece
413 553 580 607 excusa,
617 566 717 612 cum
740 550 983 609 proloquio
1009 548 1247 607 (Paciaudi)
1287 550 1344 594 de
1363 548 1486 594 libri·

229 624 521 679 antiquorum
542 621 721 664 eroticis
747 617 808 662 est
831 617 1066 676 repetitus,
1131 617 1320 668 Quodin
1331 617 1488 662 codice

234 689 431 749 quodam
454 684 611 734 Caffini
654 686 758 731 loco
790 691 970 746 Λογγου
1005 683 1216 742 scriptum
1249 683 1385 730 exstat
1413 677 1490 732 λὸ-

229 774 317 817 ‘you
335 753 641 834 ποιμενικωνίη
662 767 809 812 eoque
822 757 1039 798 vocantur
1058 748 1320 806 Λεσβιοικων
1345 753 1492 818 ἔρωτ’-ι-

232 841 318 872 κων
320 817 469 883 λε’Ὑοι
490 814 545 880 δ’,
572 821 766 881 quaestio
793 829 892 865 orta
925 818 1015 878 est,
1060 835 1169 866 num
1201 819 1371 880 Longus*
1396 833 1490 868 vm·

235 908 369 950 quam
392 891 620 950 exstiterit,
651 898 699 935 et
721 904 873 935 annon
897 903 1068 933 nomen
1095 886 1211 932 illius
1247 903 1272 933 e
1295 885 1490 937 lectione

149 1011 154 1018 ‚
234 953 374 1020 λὸγου
400 956 452 1004 fit
465 956 669 1003 effictum·

337 1041 384 1084 4.
407 1023 616 1083 *Sophista
637 1023 786 1069 noster
806 1038 828 1067 a
851 1021 1082 1068 fertilitate
1106 1023 1276 1082 ingenii
1301 1024 1348 1066 in
1366 1023 1494 1067 inue-

235 1094 425 1151 niend0‚
462 1102 510 1138 et
529 1095 580 1136 ab
605 1092 877 1136 humanitate
908 1091 1090 1147 acieque
1119 1091 1269 1133 iudicii
1306 1092 1352 1133 in
1386 1105 1497 1134 con-

236 1159 458 1207 stituenda
492 1159 778 1214 ornandaque
812 1155 955 1199 fabula
981 1170 1134 1213 parurn
1164 1157 1498 1200 commendabi-

233 1227 291 1274 lis
317 1227 391 1271 est.
458 1228 660 1270 Venatur
695 1232 845 1268 autem
877 1221 1002 1266 locos
1039 1236 1300 1277 communes
1333 1230 1381 1267 et
1414 1220 1499 1266 flo-

237 1293 384 1340 sculos
407 1301 540 1350 atque
569 1298 780 1336 ornatum
814 1290 1046 1334 orationis.
1112 1287 1400 1347 Simplicitate
1432 1298 1498 1335 ta·
1546 1271 1562 1312 Ἰ·
1591 1266 1606 1313 ’“
1638 1273 1644 1278 ’

238 1377 374 1413 metr,
428 1375 558 1418 quam
590 1360 714 1404 iuuat
746 1358 873 1404 scena
907 1354 1022 1416 quasi
1059 1355 1284 1412 bucolica,
1327 1357 1505 1458 superat

238 1426 462 1477 Achillem
480 1429 674 1472 Tatium.

346 1509 391 1554 5
411 1496 600 1542 Confer
627 1488 823 1536 Fabricii
848 1495 892 1538 Β
920 1493 999 1538 Gr,
1029 1490 1131 1539 Vol.
1152 1493 1227 1538 VI.
1253 1507 1354 1553 pag
1374 1480 1501 1553 813·

238 1563 304 1623 sq.
328 1589 387 1599 --
457 1566 539 1607 Les
569 1577 745 1607 amours
776 1562 835 1606 de
867 1559 1063 1618 Daphnis
1108 1568 1156 1606 et
1187 1560 1332 1606 Chloe
1366 1562 1502 1622 Paris,

247 1642 598 1689 1717.12.·--
634 1628 982 1686 Amstel.1749.
1026 1640 1099 1672 12.
1167 1630 1235 1672 De
1270 1627 1502 1673 theotiscis

240 1698 372 1744 huius
409 1705 457 1743 et
489 1696 767 1754 reliquorum
797 1696 1073 1740 eroticorum
1100 1693 1372 1739 versionibus
1398 1696 1502 1739 vide

240 1761 514 1809 Schummelii
557 1763 862 1808 Vebersetzer.
909 1759 1178 1810 Bibliothek.
1220 1760 1410 1809 Witteb.
1454 1770 1505 1810 et

242 1831 437 1880 Zeruest
470 1845 610 1892 ¹774
632 1846 733 1893 pag
766 1845 835 1890 14·
862 1829 957 1889 sqq.

775 1946 817 1998 §.
893 1956 972 2001 29.

345 2020 441 2088 Hic
472 2038 784 2078 memorentur
808 2031 979 2074 Nonnus
1008 2036 1056 2076 et
1088 2027 1247 2089 reliqui
1267 2030 1505 2089 scriptores

217 2150 219 2153 f
247 2102 435 2156 erotici‚
471 2103 674 2146 incertae
700 2101 881 2152 aetatis,
922 2098 1039 2142 haud
1067 2097 1283 2144 inuenusti
1307 2099 1506 2157 quide-m,

245 2179 292 2218 at
310 2185 409 2216 cum
431 2166 594 2228 Longo
617 2183 711 2213 non
729 2167 1029 2225 comparandi

212 2292 216 2296 Δ
353 2252 391 2283 1.
426 2235 688 2289 NONNVS,
729 2233 944 2292 Panopoli
969 2235 1230 2294 Aegyptum,
1265 2235 1377 2278 circa
1400 2249 1438 2278 a.
1455 2234 1508 2280 C·

247 2318 362 2361 410.
384 2303 535 2349 audior
561 2311 839 2362 poematum,
873 2300 918 2359 a)
942 2301 1040 2347 libr.
1077 2302 1270 2346 duorum
1303 2303 1358 2346 de
1379 2302 1508 2359 quin·

250 2374 461 2433 quaginta
483 2370 769 2431 Diorgystacon,
805 2372 852 2415 in
877 2370 1032 2428 quibus
1057 2369 1510 2415 adfectatvbertatem

253 2448 302 2486 et
334 2449 587 2484 tumorem:
644 2440 768 2492 (vide
803 2435 1005 2497 Scaltger.
1048 2439 1121 2480 111.
1171 2435 1341 2494 epistol.
1379 2436 1508 2495 247.)

246 2508 459 2566 Princeps
501 2507 572 2554 ed.
603 2506 689 2562 est,
721 2519 880 2568 graece
911 2519 963 2553 ex
998 2503 1267 2551 bibliotheca
1292 2505 1510 2562 Sambuci,

1410 2586 1512 2621 cum
