1686 3025
445 217 724 266 CLAVDJVS
755 215 1042 269 AELMNVS.
1267 216 1365 279 2'49

114 344 213 391 balo
234 347 279 390 in
302 347 412 391 viuis
432 343 570 398 fuisse,
607 345 675 391 vel
702 347 852 404 primis
875 344 1108 393 Alexandri
1122 344 1270 390 Seueri
1286 346 1369 389 im-

111 416 332 472 peratoris
366 417 487 459 anuis
523 411 751 473 scripfiffe3
797 415 870 460 sed
904 415 1180 472 temporibus
1207 405 1371 457 Hadri-

111 484 181 525 ani
217 481 286 527 vel
317 483 462 540 paullo
499 481 622 541 post,
657 483 797 535 videri
827 481 950 528 illum
983 481 1206 526 Pausaniae
1247 478 1373 526 fuiffe

115 549 396 610 discipulum,
428 561 473 596 et
502 551 792 606 Athenaeum,
814 552 889 609 qui
908 549 1004 608 post
1021 557 1218 595 mortem
1233 551 1374 608 Oppi-

116 620 182 660 ani
210 618 386 676 scripsit,
423 617 495 662 vel
518 633 618 662 cum
644 617 730 662 hoc
754 619 937 662 Aeliano
966 634 1018 662 ex
1052 619 1217 663 eodem
1244 621 1374 662 fonte

114 682 317 738 hausisse,
353 685 422 730 vel
445 687 564 730 hunc
582 688 731 746 potius
754 683 841 730 effe
864 686 1095 731 Aelianum
1127 687 1382 745 sequutum.v

115 753 400 797 Tadiicorum
431 754 655 798 aridiorem
687 769 711 798 a
750 755 860 797 binis
893 753 976 797 illis
1015 756 1117 800 facit
1140 752 1381 809 diuersum,

119 818 401 876 epistolarum
423 837 554 872 vero,
588 837 698 878 quae
721 821 954 878 supersunt
974 821 1145 866 Aeliani
1176 823 1381 876 nomine,

116 888 346 930 aue‘torem
371 889 580 932 eumdem
598 883 721 933 fuisse
749 889 1002 946 suspicatur,
1037 892 1109 946 qui
1123 888 1284 934 variam
1298 904 1383 932 no-

119 954 184 996 bis
220 953 403 1012 reliquit
432 954 670 1001 historiam.
742 956 914 1001 Contra
940 955 1075 1001 Henr.
1122 954 1301 1011 Valesius
1333 958 1385 1000 in

118 1021 498 1068 Emendationum
549 1022 667 1067 libro
720 1025 772 1068 V.
819 1024 912 1081 cap.
959 1026 978 1066 I
1017 1047 1082 1056 --
1116 1026 1233 1071 XVI,
1282 1039 1385 1084 pag.

127 1099 211 1131 121
256 1115 314 1124 --
360 1100 468 1150 133.
509 1091 702 1148 primum
722 1099 877 1137 contra
902 1089 1218 1138 C.Gesneru‘m
1239 1090 1387 1135 osten-

122 1155 203 1207 dit,
241 1157 386 1215 (quod
411 1157 560 1215 postea
583 1157 836 1202 Perizonius
855 1161 901 1202 in
918 1158 1170 1218 proleng-
1194 1158 1386 1216 operose

124 1223 468 1279 demonstrauit,
506 1235 552 1270 et
574 1221 799 1270 Fabricius
818 1228 864 1270 in
885 1229 931 1274 Β,
958 1224 1035 1273 Gr.
1060 1235 1194 1284 atque
1218 1224 1387 1269 Oleari-

124 1304 174 1331 us
194 1292 247 1334 ad
270 1292 578 1338 Philostratum
597 1293 672 1338 lib.
701 1293 751 1337 11.
779 1295 836 1341 de
863 1295 963 1338 vitis
979 1294 1202 1354 so-phistar.
1219 1309 1288 1338 nr.
1309 1296 1389 1354 31·

126 1366 260 1416 atque
279 1354 378 1403 Abs.
406 1360 586 1407 Gronau.
605 1361 653 1407 in
678 1364 815 1418 praef.
854 1362 909 1404 ad
939 1360 1039 1406 Ael.
1062 1364 1198 1407 V.·H.
1226 1359 1391 1406 confir-

127 1425 343 1483 marunt‚)
377 1427 631 1479 Aelianum,
664 1429 783 1472 cuius
803 1428 917 1472 liber
938 1428 999 1473 est
1021 1429 1077 1473 de
1112 1445 1161 1473 re
1190 1429 1390 1487 militari,

128 1492 268 1553 longe
296 1491 478 1538 differre
502 1497 554 1538 ab
578 1494 763 1541 Aeliano
786 1494 990 1556 sophista,
1028 1512 1164 1557 quem
1189 1497 1264 1541 sub
1286 1495 1391 1541 Ale-

129 1561 298 1605 xandro
312 1562 492 1612 Seuero,
519 1577 614 1604 non
629 1562 706 1604 sub
724 1564 952 1607 Hadriano
982 1560 1178 1608 floruisse
1211 1564 1392 1614 censet;

130 1636 228 1672 tum
248 1630 457 1671 euincere
482 1636 687 1680 conatur,
719 1627 954 1674 Aelianum
980 1629 1214 1685 sophistam
1242 1631 1394 1675 austo-

129 1707 227 1738 rem
265 1696 400 1740 etiam
430 1690 517 1739 effe
547 1694 764 1739 librorum
802 1695 861 1738 de
897 1695 1152 1742 animalibus
1189 1706 1237 1743 et
1268 1713 1399 1758 argu-

133 1771 304 1821 menta,
339 1764 497 1821 quibus
517 1761 697 1821 Tryllit.
721 1764 990 1810 contrariam
1020 1765 1224 1812 defendit
1249 1766 1396 1825 opini-

135 1845 299 1884 onem,
336 1831 679 1887 praeoccupauit
712 1844 761 1873 ac
793 1829 999 1877 refellere
1037 1831 1211 1879 studuit.
1280 1832 1401 1878 Post-

135 1897 245 1943 haec
265 1897 403 1943 multa
427 1897 722 1960 Historiaerde
744 1896 1000 1946 animalibus
1023 1897 1121 1944 lo'ca
1143 1902 1190 1945 in
1205 1901 1276 1945 ed.
1291 1902 1400 1945 Ges-

135 1981 234 2012 ner.
256 1973 430 2019 tentat,
465 1966 653 2025 corrigit
681 1963 933 2012 illustratae.
1003 1969 1220 2019 Quasdam
1249 1976 1401 2014 autem

129 2031 296 2079 'valesii
322 2035 518 2077 rationes
545 2034 762 2077 examinat
789 2032 1005 2092 diluitque
1040 2033 1093 2079 cl.
1129 2032 1403 2079 Schneiderus

138 2101 186 2144 in
217 2099 418 2159 periculo
456 2101 610 2144 critico
646 2101 693 2142 in
730 2100 914 2146 Anthol.
1000 2101 1279 2149 Constantini
1316 2105 1405 2149 Ce-

141 2169 296 2227 phalae
318 2177 417 2228 pag.
451 2183 465 2212 1
482 2181 538 2224 27
567 2167 626 2225 sq.
652 2174 699 2211 et
719 2183 762 2224 p.
794 2182 886 2227 134
907 2168 964 2227 sq.
989 2179 1038 2214 et
1060 2179 1219 2216 monet
1240 2169 1405 2216 firmat-

148 2252 236 2294 que
261 2237 451 2281 Gesneri
483 2235 776 2288 sententiam,
811 2234 1043 2280 Aelianum
1076 2238 1301 2283 audiorem
1337 2238 1405 2283 hi-

148 2303 304 2348 storiae
328 2302 500 2348 animal.
527 2301 664 2350 multa
687 2305 828 2361 capita
848 2306 1119 2350 verbotenus
1134 2322 1186 2349 ex
1201 2307 1408 2364 Oppiano

145 2367 325 2416 vertisse
351 2380 398 2416 et
421 2371 791 2415 huncinnumeris
806 2369 913 2415 locis
927 2368 1255 2439 μεταφράζειν,
1273 2375 1410 2419 adeo-

152 2453 239 2496 que
263 2438 359 2496 post
380 2440 633 2497 Oppianum
674 2435 891 2496 scripsiss'e
963 2442 1056 2485 Nos·
1086 2444 1274 2500 quidem
1300 2441 1346 2487 h.
1379 2441 1414 2486 l.

149 2504 281 2556 litem
305 2504 546 2553 secundum
571 2508 798 2554 neminem
822 2508 1074 2555 dirimamus
1096 2511 1412 2571 necPerizonii

763 2577 801 2628 Q
844 2589 868 2637 ς
1072 2628 1075 2632 ,
1163 2591 1166 2594 ’
1282 2592 1414 2641 argu-2
