1686 3025
609 258 939 311 POLYAENVS.
1305 264 1392 310 161
1450 299 1451 302 η
1525 258 1532 265 ’

135 381 355 433 DCCCC.
382 383 724 447 strategematis‚
757 397 868 446 quae
902 383 1188 444 descripserat
1209 383 1404 447 Polyme--

138 469 244 510 nus‚
298 469 393 498 non
424 453 548 512 plura
580 470 711 513 quam
740 455 1097 502 DCCCXXXIII.
1134 453 1280 498 adhuc
1325 471 1395 500 re·

137 520 266 566 stant.

242 600 282 648 3.
323 588 490 632 Primus
520 585 656 632 latine
702 588 840 632 vertit
870 582 1002 644 Iustus
1035 583 1222 631 Vulteius
1258 587 1396 635 codd.

138 657 235 700 vsus
264 652 410 716 paffim
436 654 621 698 corrosis
643 651 776 712 atque
800 652 961 708 exesm,
998 671 1091 699 non
1116 671 1216 699 raro
1238 665 1391 702 tamen

136 718 471 782 integrioribuS,
508 736 637 778 quam
659 726 784 766 fuere
817 722 949 766 codd.
972 738 1082 780 quos
1108 723 1392 769 casaubonus
1422 728 1424 731 ’

138 799 186 834 et
209 789 434 834 Masuicius
455 788 602 846 postea
622 789 895 846 vsurparunt.
978 788 1101 833 Illam
1123 791 1397 848 interpreta-

136 858 311 902 tionem
334 855 430 913 post
450 858 583 913 patris
608 865 804 901 mortem
831 856 974 901 edidit
995 855 1269 899 Hermannus
1293 858 1394 902 Vul-

135 925 260 975 teins,
291 916 476 966 Bafileae
500 923 892 980 apudOpo'rinum
923 934 1062 980 1550.
1100 937 1144 979 4.
1165 944 1210 957 --
1257 926 1394 970 Grae-

137 1004 189 1034 ce
211 1004 264 1033 ex
287 1005 374 1033 vno
397 989 554 1033 codice
582 1005 736 1047 parum
758 990 999 1034 emendato
1035 991 1201 1048 primus
1238 991 1390 1052 vulga—

136 1050 205 1101 uit
228 1072 328 1101 cum
349 1057 466 1101 notis
489 1056 570 1100 suis
595 1059 767 1111 (textus
788 1057 892 1102 calci
915 1058 1126 1117 adieetisfl
1150 1066 1198 1103 et
1221 1059 1392 1104 Vulteii

134 1122 351 1178 versione,
377 1139 403 1168 3
420 1123 663 1170 Tornaesio
683 1124 792 1170 locis
816 1116 1084 1184 'quibusdam
1104 1126 1392 1183 interpolata,

136 1186 273 1249 {satta
302 1187 581 1251 casaubonus,
624 1194 765 1253 Lugd.
791 1196 882 1238 Bat.
914 1199 1055 1250 1589.
1088 1206 1160 1237 12.
1179 1215 1246 1225 --
1276 1194 1392 1239 Mul-

126 1267 183 1304 ‘ta
204 1260 312 1303 dein
331 1258 566 1318 suppleuit,
587 1268 646 1306 et
668 1277 720 1305 ex
743 1260 984 1310 collatione
1008 1260 1264 1305 MSStorum
1286 1261 1391 1306 Flo-

136 1328 305 1373 rentini
313 1335 458 1395 atque
479 1326 873 1389 Cantabrigiensis‚
919 1331 1031 1374 item
1054 1343 1108 1373 ex
1129 1327 1294 1374 Vulteii
1325 1332 1393 1374 in-

137 1396 467 1452 terpretatione
512 1397 767 1441 emendauit
823 1396 1083 1438 Pancratiur
1139 1394 1208 1437 Μ
1200 1393 1390 1453 asuictus,

139 1462 215 1520 qui
239 1461 505 1518 Polyaenum
529 1476 595 1523 gr.
619 1459 666 1508 et
700 1462 775 1509 lat.
806 1477 906 1508 cum
945 1464 1029 1507 suis
1061 1471 1109 1508 et
1142 1464 1389 1509 Casauboni

8 1522 10 1535 ’
51 1564 56 1568 .
137 1530 258 1575 notis
280 1531 528 1581 recensuit,
563 1530 703 1590 Lugd.
729 1521 818 1577 Bat.
849 1532 988 1590 1690.
1014 1538 1053 1583 8.
1082 1557 1138 1565 —
1188 1535 1389 1578 'sextum

130 1598 449 1642 ‘Masuicianum
481 1596 702 1654 reddidit,
737 1599 1160 1654 interpretationem
1182 1602 1390 1644 emenda-

136 1666 206 1710 uit
229 1676 276 1708 et
300 1665 492 1707 indicem
521 1664 682 1709 adiecit
711 1679 920 1724 graecum
950 1664 1122 1707 Samuel
1144 1666 1389 1723 Murstnna5

134 1729 326 1776 Berolin.
355 1731 492 1788 1756.
519 1735 588 1782 8.'

236 1796 335 1841 Post
359 1798 549 1842 Masuicii
571 1807 721 1843 tamen
760 1811 941 1857 operam
971 1796 1215 1859 Polyaenus
1235 1790 1392 1846 'adhuc

135 1861 305 1925 flagitat
324 1864 447 1910 crifin
462 1899 474 1918 ‚
507 1865 642 1910 fidem
661 1875 794 1924 atque
815 1866 1019 1911 auxilium
1040 1870 1296 1924 interpretis
1311 1885 1392 1926 pe-

70 1978 76 1981 .
136 1935 230 1992 riti,
265 1929 333 1977 cui
359 1930 558 1977 Voffiana
583 1931 714 1980 codd.
737 1936 991 1980 MSStorum
1029 1934 1235 1988 collatio,
1270 1951 1385 1994 quae

136 2002 185 2045 in
207 2000 472 2045 bibliotheca
492 2001 710 2060 Lugduno
726 2004 915 2047 -Bataua
938 2001 1073 2055 latet,
1109 2013 1240 2060 atque
1255 2007 1385 2047 aivla-

136 2068 273 2113 suicio
310 2071 357 2112 in
391 2070 665 2125 praefatione
695 2079 741 2114 et
779 2083 801 2112 a
834 2071 1029 2113 Fabricio
1061 2073 1107 2112 in
1141 2071 1184 2115 Β.
1219 2071 1389 2115 Graeca

137 2144 382 2189 memorata
403 2135 489 2190 est‚
517 2138 628 2181 item
650 2139 710 2180 M.
744 2137 915 2197 Georgii
945 2133 1064 2180 Frid.
1098 2133 1386 2197 Kronbiegclii

137 2199 231 2248 diss.
262 2204 318 2248 de
355 2202 558 2247 dictionis
592 2202 866 2262 Polyaeneae
900 2205 1136 2249 virtutibus
1175 2215 1221 2249 et
1249 2206 1385 2280 vitiis,·

137 2269 302 2328 Lipfiae
333 2283 469 2329 1770.
498 2284 545 2328 4.
565 2272 612 2314 in
635 2285 718 2328 qua
752 2272 885 2315 etiam
920 2272 977 2315 de
1008 2271 1143 2322 codd.
1174 2280 1222 2316 et
1255 2273 1383 2314 variis

139 2335 399 2381 leffionibus
442 2339 622 2383 adfatim
657 2338 929 2396 disputatur,
985 2338 1175 2384 multum
1210 2336 1382 2387 subsidii

141 2402 387 2462 praestabit.

242 2484 283 2528 5
324 2473 385 2515 Ex
424 2472 551 2517 variis
596 2470 879 2530 scriptoribus
920 2468 1104 2533 collegit
1154 2470 1379 2537 exempla:

140 2536 406 2584 Frontinum
427 2549 600 2597 tamen,
634 2541 779 2586 forsan
800 2543 864 2586 ob
885 2540 1060 2602 linguae
1082 2539 1265 2588 latinae
1255 2557 1384 2602 igno·

215 2614 320 2654 Tam.
339 2615 388 2655 ΙΙ.
759 2610 795 2653 L
1285 2621 1387 2654 ran
