1686 3025
306 264 410 315 4³42}
771 233 1081 299 MOSCH'IOM

301 381 402 423 cius
423 387 533 424 vero
563 383 746 435 partem
745 380 1042 435 praefationis
1064 379 1380 424 tantummodo
1417 379 1562 425 dedit.

299 466 374 482 -—-
407 445 647 503 Separatim
682 446 827 489 editus
851 446 912 490 est
933 446 1046 491 liber
1066 461 1164 491 cum
1187 446 1266 491 hac
1293 448 1560 507 epigraphe:

300 513 572 574 ’Μοσχίωνος
597 510 697 577 περὶ
731 510 817 560 τῶν
846 514 1096 574 «γυναικείων
1128 506 1331 565 πείθων,
1357 510 1564 581 Moschio-

300 585 378 626 -Zsm
365 583 444 622 de
466 579 691 623 mulierum
711 577 958 641 pafflonibus
976 576 1102 640 liber,
1134 597 1266 640 quem
1287 582 1342 626 ad
1360 590 1562 628 mentem

304 651 419 694 mst
458 649 610 709 graeci
631 650 678 693 in
702 648 805 693 bibl.
833 648 1040 695 Caesarea
1056 650 1322 698 Vindobon.
1343 646 1562 703 afferuati,

296 718 617 774 tum-propriis
640 717 990 762 corrediionibus
1012 718 1295 770 emendauit,
1322 717 1561 775 additaque

298 782 509 830 -verfione
533 776 680 830 'latina
711 786 854 830 edidit
887 784 933 830 F.
970 784 1016 828 0.
1042 783 1211 831 Dewez.
1234 809 1293 819 -—
1321 787 1326 792 ’
1361 786 1560 829 Viennae

297 868 372 910 ap.
410 853 521 898 Rud.
539 850 753 897 'Graeffer
781 861 828 898 et
853 853 939 897 soc.
974 866 1115 913 1793.
1140 859 1184 905 8.
1237 853 1412 903 <Editor
1432 851 1560 897 dedit

300 913 528 980 integram
566 923 758 965 auctoris
800 922 1124 978 praefationem
1156 932 1284 979 capp.
1327 921 1405 969 XI,
1432 931 1559 963 vere·

301 989 461 1033 cundis
484 989 659 1032 auribus
681 987 878 1042 molesta,
898 998 1121 1046 tamquam
1144 985 1431 1045 supposititia,
1458 986 1560 1032 sunt

294 1050 480 1099 osniss'az
510 1054 598 1099 >sed
640 1057 817 1100 XXXII.
863 1057 1031 1113 capita,
1080 1069 1272 1113 quorum
1321 1054 1557 1101 Moschion

299 1123 508 1168 meminit
530 1124 576 1165 in
600 1122 670 1165 sua
690 1123 993 1177 praefatione,
1023 1130 1070 1164 et
1094 1131 1208 1178 quae
1231 1122 1458 1180 hucusque
1482 1122 1558 1165 de-

299 1189 604 1234 fiderabantur
621 1217 633 1239 ‚
669 1187 771 1230 sunt
791 1188 1022 1230 maximam
1046 1195 1220 1243 partem
1248 1188 1400 1233 excusa
1423 1189 1556 1247 typis.

296 1260 338 1303 A
378 1269 475 1314 pag,
517 1265 536 1294 1
578 1277 643 1285 —
683 1261 760 1310 98.
785 1252 846 1297 est
870 1268 1026 1313 graeca
1048 1251 1216 1304 verlio:
1254 1269 1354 1314 pag.
1386 1267 1475 1302 101·
1510 1277 1559 1290 a

293 1336 410 1380 209.
427 1319 488 1366 est
509 1328 657 1366 textus
679 1319 855 1374 latinus,
892 1321 968 1364 sed
986 1322 1039 1365 ab
1059 1320 1306 1381 archetypo
1329 1322 1557 1370 interdum
1586 1328 1590 1331 '
1678 1355 1682 1390 ὲ

294 1390 519 1437 diuersus:
568 1389 763 1446 denique
794 1388 1042 1446 sequuntur
1073 1389 1387 1434 adnotationes
1421 1398 1556 1447 atque

285 1465 464 1505 :textus
476 1452 963 1517 g'raecicorreetiones
973 1455 1122 1501 Conf.
1148 1456 1358 1517 Gotting.
1379 1456 1555 1516 ephem-

289 1526 430 1574 litter.
453 1541 491 1570 a.
525 1536 666 1583 1794.
688 1522 807 1626 plag.
830 1537 907 1609 70.
931 1538 1029 1586 pag.
1053 1536 1166 1581 701.
1189 1524 1323 1588 sqq.

285 1694 288 1696 >
387 1675 434 1719 4.
470 1656 645 1705 Diuersi
683 1659 786 1704 sunt
827 1661 874 1711 ι)
897 1653 1213 1719 Moschion,
1241 1659 1554 1718 Syracusanus,

285 1729 365 1775 sub
396 1729 625 1774 Hierone
638 1727 693 1770 II.
725 1726 1033 1784 Syracusarum
1068 1741 1207 1785 rege,
1245 1726 1548 1787 Olymp.135

287 1795 429 1842 clarus
443 1829 456 1848 ‚
484 1793 612 1838 cuius
633 1792 796 1838 librum
818 1793 876 1836 de
896 1792 1149 1840 admiranda
1171 1793 1386 1840 Hieronis
1405 1796 1551 1854 Syrac.

285 1866 406 1923 regis
441 1873 554 1911 nane
589 1860 737 1907 laudat
755 1857 1002 1903 ‘Athenaeus
1032 1859 1108 1904 lib.
1147 1862 1346 1921 V.‘vpag.‘
1375 1862 1488 1910 206.
1509 1878 1551 1909 v.

283 1931 524 1990 Mongitor.
562 1929 667 1974 bibl.
703 1926 915 1988 Siculam,
951 1936 1063 1972 tom.
1098 1929 1153 1972 Π.
1186 1943 1270 1987 pag
1313 1934 1388 1980 82.
1425 1937 1473 1973 et
1491 1929 1548 1977 Io,

280 1998 343 2047 Is.
379 1993 598 2057 Berghaus
626 1995 892 2041 Geschichte
925 1995 1006 2039 der
1027 1992 1438 2043 Schiffahrtskunde
1464 2005 1550 2043 etc.

281 2076 404 2126 part
440 2067 496 2108 Π.
539 2079 641 2124 pag.
678 2069 756 2119 85.
789 2088 849 2098 --
930 2061 979 2119 2)
1018 2058 1326 2139 Moschion
1360 2059 1548 2107 medicus

284 2149 468 2194 graecus
489 2129 674 2176 celebris
693 2129 913 2175 librorum
938 2129 1179 2186 variorum,
1207 2131 1283 2190 qui
1307 2138 1460 2176 tamen
1483 2133 1548 2176 in-

277 2201 589 2252 terciderunt,
621 2198 774 2242 austor
808 2214 852 2243 v.
884 2193 1011 2243 Fabr.
1047 2196 1076 2243 1
1115 2213 1154 2244 c
1190 2213 1291 2259 pag.
1324 2211 1439 2255 702.
1469 2201 1546 2258 qui

284 2283 561 2331 paucorum
566 2265 755 2314 aliorum
777 2267 980 2312 elusdem
1010 2267 1203 2312 nominis
1227 2267 1450 2313 meminit.

1405 2605 1443 2659 §-
1467 2605 1544 2656 82·
