1686 3025
239 221 335 269 216
476 216 715 266 FLAVIVS
740 215 1175 264 PHILOSTRATVS
1205 227 1266 274 ct,

247 344 463 403 quaedam
518 339 693 388 Dauifio
749 347 797 388 et
852 338 1113 386 Nlarklando
1178 341 1390 401 opposuit
1427 339 1502 388 11.

242 411 364 460 Voll.

272 528 281 531 Α
351 493 392 537 5,
430 474 570 520 Multa
600 471 821 532 praeclare
856 481 992 536 atque
1028 471 1257 534 eleganter
1291 476 1503 520 suauiter-

250 552 338 607 que
370 545 550 593 docuit,
585 543 762 586 virtutis
796 540 984 587 studium
1018 537 1373 596 commendauit,
1405 546 1505 587 Ho-

220 632 224 638 ·
251 627 442 668 merum,
462 609 709 665 Platonem,
745 611 970 654 Socratem
993 608 1160 666 saepius
1190 608 1399 663 laudauit,
1430 625 1505 654 ex-

251 681 409 739 plicuit
439 686 514 738 aut
542 680 594 722 ab
640 675 829 720 aliorum
872 677 1027 720 iniuria
1071 677 1334 723 vindicauit:
1387 676 1504 721 haud

249 763 405 808 paucas
441 754 593 790 tamen
641 742 947 802 philosophiae
991 753 1136 800 partes
1171 752 1397 796 contorte,
1430 751 1509 788 aut

249 814 464 873 captiose,
498 821 587 864 aut,
620 826 747 855 more
783 810 897 855 illius
932 813 1224 869 aetatissqua
1252 810 1507 869 philosophi

247 899 274 929 a
293 897 403 926 vero
425 882 498 925 dei
520 879 641 925 cultu
664 878 795 923 alieni
826 879 880 923 ad
918 880 1125 923 euitanda
1156 878 1507 924 Christianorum

249 950 494 1008 opprobria
517 949 650 991 varias
672 954 879 992 veterum
907 944 1067 990 fabulas
1102 945 1340 1005 allegorice
1370 947 1509 990 inter·

247 1018 554 1076 precabantur,
590 1012 700 1056 iusto
729 1012 923 1059 subtilius
945 1013 1160 1059 tractauit.
1212 1011 1508 1059 Oraculorum

247 1092 427 1143 praeter
450 1096 496 1125 ea
521 1089 733 1138 patronus
760 1081 857 1132 fuit,
891 1089 938 1124 et
963 1082 1009 1123 in
1032 1079 1123 1123 aliis
1158 1080 1417 1137 quibusdam
1437 1078 1508 1123 lo-

249 1153 310 1196 cis
337 1154 389 1195 ab
408 1149 531 1196 anilis
548 1146 866 1208 superstitionis
882 1147 1068 1193 crimine
1083 1145 1262 1193 liberari
1283 1161 1377 1192 non
1403 1155 1508 1204 pot-

246 1217 328 1264 est.

353 1285 396 1328 6.
427 1281 565 1329 Conf,
599 1274 792 1322 Fabricii
822 1281 867 1325 Β.
901 1281 978 1324 Gr.
1012 1281 1127 1323 Libr.
1167 1280 1242 1326 lv.
1286 1277 1390 1322 Vol.
1425 1278 1511 1327 IV‘

248 1367 349 1412 pag,
378 1362 451 1405 32.
478 1350 571 1405 sqq.
606 1345 774 1402 Dauisti
797 1355 1028 1404 Vtramque
1069 1347 1405 1403 praefationem.
1441 1369 1510 1382 —-

245 1418 457 1463 Bruckeri
474 1414 569 1458 hist.
590 1416 687 1458 crit.
709 1412 864 1471 philos.
892 1416 1027 1462 Tom.
1050 1412 1105 1459 Il.
1139 1429 1234 1473 pag.
1276 1427 1383 1470 177.
1419 1412 1512 1472 sqq.

246 1509 312 1523 .-
341 1485 475 1528 ‘Saxvii
493 1480 715 1525 Onomast.
740 1480 808 1525 lit.
835 1482 864 1526 Ι.
889 1496 989 1541 pag.
1022 1491 1131 1541 3341
1159 1503 1227 1516 -
1271 1479 1510 1526 Theotisce

246 1554 356 1601 fecit
410 1551 636 1597 sermones
698 1547 856 1596 Christ.
919 1551 1038 1597 Tob.
1083 1549 1266 1606 Datum,
1315 1547 1511 1598 Berolini

254 1621 396 1683 1764.
435 1624 480 1673 8.

775 1748 818 1804 §-
888 1747 918 1793 6
954 1781 966 1795 .

296 1839 532 1890 FLAVIVS
563 1763 1004 1882 PHILOSTRAssVS
1040 1843 1087 1882 et
1111 1835 1461 1889 PHILOSTRA-

560 1903 673 1953 TVS
712 1904 983 1961 LEMNIVS,
1018 1906 1182 1950 iunior.

350 2032 391 2066 1⁴
425 2019 552 2064 Prior
578 2017 685 2064 saec·
711 2018 760 2060 ΙΙ.
789 2018 892 2062 circ.
918 2032 940 2060 a
966 2015 1045 2062 Ch.
1081 2027 1193 2063 200.
1223 2019 1336 2064 circa
1366 2018 1512 2076 Septi-

249 2089 328 2136 mii
363 2087 514 2133 Seueri
548 2087 816 2142 principatus
854 2085 979 2128 initia
1016 2093 1063 2129 et
1101 2084 1234 2130 serius
1280 2101 1418 2144 vsque
1455 2085 1512 2130 ad

248 2154 503 2212 Philippum
522 2151 767 2211 Augustum
792 2150 972 2195 floruit:
1009 2150 1244 2209 posterior,
1280 2154 1355 2210 qui
1387 2155 1514 2210 prio-

249 2225 309 2269 ris
335 2223 495 2266 sororis
524 2217 635 2266 filius
663 2221 768 2264 fuit.
806 2228 854 2263 et:
888 2228 992 2263 ante
1015 2219 1140 2266 illum
1165 2236 1190 2264 e
1210 2221 1297 2264 vita
1320 2217 1513 2274 exceffit,

251 2289 349 2350 post
379 2298 575 2335 mortem
600 2285 820 2347 Elegabali
847 2302 983 2344 vsque
1008 2287 1059 2330 ad
1082 2302 1116 2330 a.
1133 2288 1180 2332 C.
1196 2288 1372 2332 circiter
1398 2300 1514 2346 2400·

252 2353 418 2414 vixiss'e,
458 2365 532 2401 aut
558 2357 643 2399 iam
668 2356 784 2411 prius
813 2350 1029 2398 deceffiffe
1054 2354 1241 2399 videtur.

356 2437 398 2471 2.
437 2424 563 2466 Prior
589 2422 862 2465 habitatione
887 2420 958 2464 vel
983 2419 1257 2465 Athenienfis
1286 2420 1357 2466 vel
1381 2423 1518 2467 Lem--

257 2493 370 2547 nius,
404 2488 611 2536 Proclum
633 2490 956 2542 Naucratitam‚
991 2489 1254 2536 Damianum
1275 2487 1512 2550 Ephesium

1464 2564 1512 2603 et
