1748 3005
73 2713 100 2729 ὸ

337 269 363 317 2
430 251 591 309 παῖς
605 250 679 300 IV.
712 250 793 298 DE
809 250 968 297 scau>
977 229 1245 299 TssPRoRA
1266 249 1435 300 TEMP.
1453 263 1556 302 m.-

336 377 575 440 glexerunt
609 376 846 428 culturam,
900 373 1177 434 ‘elegantiam
1211 383 1343 433 atque
1384 374 1587 421 colorem

334 447 567 491 sermonis,
646 441 790 486 Poesis
823 439 952 485 nullis
989 443 1262 487 ornamentis
1296 444 1587 501 praemiisque

340 515 552 563 excitata,
596 526 619 553 a
640 508 854 566 nulloque
891 511 1148 553 Maecenate
1172 511 1353 562 nutrita,
1377 506 1586 569 aufugisse

340 588 388 626 et
409 577 571 636 Apollo
586 574 715 620 Mufis
735 577 900 635 graecis
920 577 1053 620 iratus
1068 573 1190 620 fuiffe
1212 576 1400 620 videtur.
1467 579 1588 620 Hinc

336 647 444 690 inde
467 644 674 702 quidem,
708 652 753 686 at
774 658 874 686 raro
899 644 1149 688 micuerunt
1176 642 1410 696 scintillae,
1457 652 1505 688 vt
1525 645 1587 688 ita

337 715 491 762 dicam,
507 711 676 770 ingenii
688 711 854 768 poetici
867 723 878 761 3
911 710 986 754 sed
1000 709 1174 754 saeuitie
1187 720 1234 756 et
1247 711 1400 754 iniuria
1414 720 1589 767 tempo·

336 780 396 824 ris
417 787 548 836 atque
569 775 880 821 controuersiis
912 778 1029 821 inter
1066 776 1331 822 Christianos
1371 784 1418 822 et
1443 776 1591 834 idolo-

336 861 438 891 rum
458 843 652 890 cultores
674 845 853 904 agitatis¹
868 844 1074 902 deinceps
1099 845 1196 890 sunt
1210 843 1452 889 exstinfflae.
1478 842 1590 889 'Elo-

341 914 522 971 quentia
546 904 785 963 obmutuit‚
818 909 1026 956 libertate
1047 912 1223 974 dicendi
1248 913 1412 964 demta,
1445 919 1493 957 et
1505 927 1588 956 na-

338 979 530 1026 turalem
551 977 688 1024 amifit
722 980 815 1038 vim(
841 994 890 1023 ac
918 979 1286 1036 pulcritudinem,
1330 981 1518 1037 imperio
1541 986 1589 1024 et

337 1048 576 1104 tyrannide
619 1041 843 1105 oppressa,
903 1056 1034 1104 atque
1070 1046 1349 1091 adulatorum
1392 1045 1588 1099 leuitate,

339 1116 506 1165 artibus
521 1117 663 1172 prauis
675 1115 1063 1172 immoderatoque
1079 1115 1329 1158 blandiendi
1349 1130 1396 1157 ac
1417 1112 1589 1174 placen-

339 1183 387 1227 di
409 1182 549 1227 studio
577 1192 800 1240 corrupta.
838 1183 965 1225 Pauci
989 1181 1247 1227 exstiterunt
1273 1180 1479 1234 historici,
1513 1182 1590 1239 qui

337 1252 613 1308 antiquiores
642 1251 893 1295 imitatione
931 1252 1176 1306 exprimere
1206 1248 1458 1298 studerent3
1515 1248 1591 1292 sed

339 1320 437 1362 fere
462 1317 604 1362 nullus
629 1319 736 1373 fuit,
777 1318 851 1375 qui
877 1315 1055 1361 illorum
1087 1319 1274 1360 virtutes
1291 1348 1304 1371 ‚
1355 1316 1592 1373 praecipue

341 1383 564 1442 ffspedies
601 1393 744 1429 artem
763 1384 970 1427 narrandi
997 1391 1044 1427 et
1068 1383 1281 1426 orationis
1311 1383 1590 1442 dignitatern,

342 1451 616 1496 venustatem
648 1458 782 1508 atque
822 1451 1061 1506 puritatem
1097 1449 1429 1507 adsequeretur.
1514 1452 1593 1496 Vis

341 1519 518 1574 imperii
551 1525 682 1575 atque
719 1517 884 1574 priscae
920 1518 1132 1561 orationis
1166 1518 1324 1573 periit:
1369 1525 1415 1561 et
1450 1518 1594 1562 inania

341 1583 666 1630 remanserunt.
744 1583 876 1627 Haud
911 1583 1090 1640 quidem
1123 1585 1308 1627 omnino
1349 1586 1593 1631 defuerunt

340 1651 569 1709 :splendida
599 1651 801 1709 ingenia,
857 1659 904 1694 et
938 1652 1203 1706 praestantes
1234 1650 1427 1695 historici
1458 1662 1592 1712 atque

342 1727 534 1777 poetae,
562 1719 637 1775 qui
663 1716 770 1775 pesti
797 1719 1007 1761 barbariei
1027 1719 1220 1763 irruenti
1242 1719 1286 1763 se
1313 1717 1428 1777 quasi
1451 1727 1595 1778 oppo-

343 1794 533 1843 nerent,
587 1785 660 1828 sua
699 1783 922 1842 disciplina
962 1785 1130 1842 suoque
1176 1785 1380 1844 exemplo
1419 1789 1594 1832 obicem

346 1854 505 1911 quouis
526 1853 665 1896 modo
688 1860 928 1909 ponerent,
962 1861 1007 1897 et
1019 1852 1240 1910 pristinam
1260 1851 1436 1914 linguae
1450 1856 1596 1916 digni-

345 1927 486 1966 tatem
508 1935 556 1964 ac
588 1918 871 1977 splendorem
901 1918 1129 1964 studerent
1154 1922 1368 1965 retinere.
1437 1924 1595 1982 Neque

346 1994 501 2035 tamen
530 2003 552 2030 a
572 1986 671 2032 labe
703 1988 921 2045 nouisque
963 1986 1162 2031 formulis
1190 1987 1254 2031 sui
1288 1989 1382 2032 aeui
1406 1991 1594 2033 omnino

346 2054 564 2098 immunes
579 2087 592 2111 ,
626 2069 709 2098 nec
731 2053 963 2099 calamitati
990 2055 1343 2100 auerruncandae
1365 2071 1489 2113 pares
1505 2059 1598 2101 fue-

346 2129 471 2166 runt.
542 2120 674 2166 Nlulti
692 2130 867 2178 praeter
891 2137 963 2173 ea,
1009 2123 1129 2179 quod
1152 2122 1383 2168 -vmbratili
1401 2125 1487 2169 vita
1507 2122 1598 2181 pal·

347 2186 513 2232 lescere
523 2190 814 2248 cogebantur,
847 2190 893 2232 in
908 2187 1376 2249 secretislanguescere
1392 2201 1437 2236 et
1449 2204 1600 2248 quem·

349 2254 450 2298 dam
467 2254 656 2299 velutin
682 2271 821 2312 opaco
838 2254 965 2300 situm
989 2257 1166 2309 ducere,
1195 2266 1271 2302 aut
1297 2267 1452 2301 contra
1479 2260 1598 2307 inani

349 2320 626 2379 persuasione
649 2323 893 2367 tumescere
913 2331 1176 2379 coeperunt.
1221 2324 1470 2368 Vmbratilis
1495 2324 1598 2371 hinc

351 2389 434 2433 fuit
455 2387 709 2446 eloquentia
733 2397 779 2434 et
802 2389 1084 2445 sophistarum
1119 2388 1460 2442 declamationes
1484 2390 1600 2443 ludis

352 2462 487 2512 atque
512 2457 681 2500 exedris
712 2455 1053 2513 personuerunt.
1120 2455 1294 2511 Plures,
1327 2458 1602 2515 insequenti-

351 2521 432 2570 bus
462 2524 755 2582 temporibus,
787 2521 1126 2587 compilareaut,
1141 2537 1379 2584 excerpere
1404 2523 1600 2570 institue·

1496 2598 1600 2642 tunt

1692 215 1695 236 1
