1727 3005
634 223 962 278 EPICTETVS.
1372 233 1446 290 59

138 376 141 379 ·
177 356 373 404 Decreta
392 357 699 402 Romanorum
721 371 806 416 pro
828 355 999 401 Iudaeis
1030 351 1136 401 fasta
1150 372 1167 405 ς
1198 368 1224 399 e
1245 351 1436 412 Iosepho

180 425 390 480 collecta,
421 430 488 460 -'-
530 440 554 471 a
574 425 623 473 F.
650 426 699 472 Ἰ.
723 419 889 483 Krebsio
907 420 1071 483 Lipsiae
1097 424 1241 483 17⁶8·
1263 429 1316 476 8.

711 561 753 613 §.
829 572 847 602 1
893 591 904 604 .

637 573 972 695 EPlCTmsz.

289 772 328 808 1.
362 759 534 805 Floruit
553 760 732 806 circiter
754 763 804 806 A.
832 758 918 806 Ch.
943 773 1023 818 94·
1050 766 1098 804 et
1127 757 1276 817 paullo
1306 759 1449 806 serius

181 827 324 873 adhuc
346 826 423 872 sub
459 829 716 889 Hadriano,
760 830 1061 887 imperatore,
1121 829 1244 885 quod
1280 831 1449 886 probat

180 895 263 941 cel.
289 895 398 938 Saxe
421 897 467 939 in
488 897 648 940 Onom.
677 896 740 941 lit.
764 904 877 942 torn·
913 909 949 938 ι.
973 910 1073 954 pag.
1101 890 1206 953 2¹72.
1233 910 1286 939 ex
1320 897 1449 952 Spar·

180 964 306 1009 tiano
332 965 380 1007 in
403 964 600 1009 Adriano
625 966 697 1011 16.
731 961 971 1009 Dodtvellus
993 959 1086 1008 diff.
1112 964 1170 1008 de
1199 968 1345 1024 aetate
1370 966 1449 1006 Pe-

180 1030 284 1088 ripli
294 1033 424 1075 maris
452 1034 609 1078 Euxini
623 1033 804 1094 copiose
829 1031 1065 1078 ostendere
1089 1030 1250 1084 studet,
1274 1030 1451 1089 Epicte-

181 1106 281 1145 tum
302 1100 416 1145 vltra
440 1101 656 1146 Hadriani
681 1117 859 1147 annum
875 1101 959 1147 XX
974 1116 1068 1146 non
1092 1094 1259 1145 vixisse.

285 1180 328 1213 2.
361 1167 598 1226 Hierapoli
630 1169 846 1230 Phrygiae
884 1173 1024 1216 natu‘s.
1106 1169 1304 1213 Primum
1338 1169 1454 1226 Epa·

185 1233 385 1292 phroditi
410 1235 557 1282 seruus
582 1239 693 1291 fuit,
729 1237 893 1283 deinde
917 1238 970 1282 ab
992 1251 1047 1280 eo
1069 1231 1350 1281 manumissus
1362 1238 1454 1281 Ro-

186 1316 285 1346 mae
307 1304 426 1349 vixit.
463 1302 756 1363 Philosophus
783 1307 981 1363 Stoicus,
1014 1306 1194 1364 integer
1219 1306 1364 1358 vitae,
1398 1305 1454 1348 ab

188 1370 313 1414 omni
338 1368 443 1415 fastu
462 1379 509 1414 et
527 1375 782 1433 arrogantia
802 1372 996 1434 alienusd
1035 1373 1111 1430 qui
1137 1387 1280 1430 aequo
1303 1373 1454 1416 animo

187 1432 456 1482 duriffimam
474 1436 582 1482 tulit
619 1447 943 1496 paupertatem.
1024 1438 1273 1484 Domitiani
1306 1438 1456 1483 edicio

190 1505 295 1550 circ.
320 1507 369 1550 A.
395 1506 447 1550 C.
471 1518 549 1561 94.
572 1520 673 1549 cum
707 1504 799 1550 aliis
832 1505 1108 1563 philosophis
1141 1508 1282 1550 Roma
1313 1504 1459 1550 Ital-ia·

190 1569 450 1628 que‘pulsus
470 1571 709 1627 Nicopolin
747 1575 870 1628 Epiri
904 1570 1116 1622 disceffit3
1186 1575 1261 1617 vbi
1293 1572 1461 1617 summa

188 1637 454 1697 auctoritate
476 1645 524 1682 et
549 1637 801 1684 incredibili
826 1638 1142 1694 discipulorum
1169 1640 1216 1682 in
1239 1655 1343 1684 eum
1371 1642 1464 1698 pie-

188 1712 284 1751 tate
307 1701 490 1759 floruit,
527 1713 574 1749 et
591 1706 639 1751 in
664 1707 758 1758 via,
794 1705 1007 1749 do'moet
1025 1703 1172 1748 schola
1194 1704 1344 1751 habuit
1376 1707 1463 1752 diss-

187 1772 480 1829 sertationeS,
530 1788 632 1832 quas
655 1774 866 1817 Arrianus
887 1770 1029 1819 literis
1050 1769 1342 1834 consignatas,
1377 1774 1460 1822 illo

189 1848 402 1894 mortu0,
444 1838 658 1894 vulgauit.

298 1923 340 1967 3.
376 1908 606 1955 Habemus
630 1903 914 1950 Enchiridion
943 1905 1033 1951 flue
1071 1905 1300 1961 Manuale,
1336 1907 1462 1965 quod

191 1975 270 2021 sub
295 1974 485 2033 Epieieti
513 1977 698 2020 nomine
725 1977 892 2028 fertur,
926 1976 1161 2023 Arrianum
1185 1990 1294 2022 vero
1324 1974 1464 2021 habet

191 2042 451 2096 austorem,
490 2044 641 2100 quiex
669 2040 784 2099 illius
820 2039 1193 2100 disputationibus
1227 2044 1462 2101 praecipua

193 2110 424 2155 doetrinae
446 2108 606 2157 stoicae
628 2111 769 2167 capita
783 2141 797 2165 ‚
845 2125 958 2168 quae
981 2113 1195 2156 memoria
1218 2111 1463 2168 animoque

194 2176 322 2223 facile
348 2179 496 2224 teneri
518 2174 720 2236 pollent,
763 2175 950 2238 collegit
983 2186 1031 2223 et
1059 2180 1105 2222 in
1130 2180 1314 2224 breuem
1338 2193 1463 2223 com-

195 2247 466 2291 mentarium
488 2246 678 2307 redegit.
746 2246 878 2298 Quod
894 2245 1175 2290 enchiridion
1205 2261 1343 2304 quum
1365 2261 1464 2292 om-

197 2314 322 2358 nium
343 2314 543 2358 manibus
571 2321 850 2366 terreretur,
886 2320 934 2357 et
956 2315 1094 2358 toties
1120 2314 1463 2369 describeretur,

198 2390 431 2438 praeterea
450 2380 682 2426 Christiani
705 2381 759 2424 ad
785 2380 1015 2438 puriorem
1050 2382 1298 2430 doctrinam
1328 2380 1463 2427 refin-

201 2461 308 2507 gere
321 2447 507 2509 vellent,
540 2451 676 2494 varias
689 2449 820 2494 subiit
841 2451 1127 2506 mutationes,
1159 2451 1466 2509 indequetan-

200 2522 274 2563 tae
298 2513 543 2566 lestionum
554 2518 777 2566 varietatis
797 2513 935 2565 caussa
953 2520 1143 2581 perspici
1164 2516 1327 2581 potest,

1307 2600 1355 2651 4.
1391 2587 1464 2635 Ine
