1727 3005
332 253 352 285 1
365 242 427 287 26
570 208 852 289 APPJANVS
880 242 1321 296 ALEXANDRINVs,

321 366 414 421 ipse
437 366 491 410 de
517 366 559 411 se
581 367 628 410 in
651 366 879 425 postremis
901 367 1183 424 praefationis
1206 368 1305 427 suae
1336 369 1481 414 verbis
1503 352 1572 416 te·

319 434 466 481 statur.

426 536 468 580 3.
506 518 707 578 Scripsit,
741 519 852 565 teste
865 520 1026 566 photio
1040 521 1139 565 cod⁴
1165 535 1236 579 57.
1263 519 1468 567 historiae
1483 527 1570 568 Ro-

320 604 417 634 mae
436 590 571 632 libros
594 588 754 634 XXIV.
790 604 982 646 quorum
1020 590 1244 633 dimidiam
1277 598 1452 634 tantum
1473 607 1572 648 par-

319 666 414 702 tem
449 658 501 698 ab
535 656 722 700 interitu
754 663 801 700 et
823 657 981 700 iniuria
1008 659 1223 714 temporis
1258 657 1474 700 seruatam
1496 657 1571 701 ha·

319 726 490 768 bemus.
568 725 629 766 Ex
654 721 841 779 Polybio
884 731 931 768 et
971 722 1190 769 Plutarchi
1224 725 1322 768 vitis
1355 723 1571 780 parallelis

318 790 457 836 multa
479 786 658 834 hausiffe
678 791 900 849 arguitur:
928 791 1238 835 ¹sedacrirnine
1259 789 1392 852 plagii
1415 791 1571 835 defen-

317 860 439 903 ditur
461 873 482 901 a
505 857 899 917 Schweighausero
928 860 975 902 in
1009 861 1233 903 exercitat.
1263 873 1367 902 mox
1390 856 1569 903 laudan-

301 927 395 980 da,
431 925 529 970 sest.
555 928 626 970 VI.
662 927 745 969 Res
767 940 875 968 vero
897 940 921 968 a
942 928 1148 969 Romanis
1174 924 1311 984 gestas
1332 926 1489 970 ordine
1499 941 1570 970 re-

317 996 505 1053 gionum
532 1007 580 1037 ac
603 994 929 1049 prouinciarum
954 994 1199 1045 enarrauit,
1240 1007 1276 1036 e.
1300 1008 1342 1052 g.
1362 993 1419 1036 de
1443 993 1568 1036 bellis
1600 1023 1604 1026 -

314 1062 487 1104 Punicis
510 1060 738 1117 separatim
753 1093 764 1112 ‚
800 1069 898 1104 tum
924 1060 982 1104 de
1010 1058 1132 1104 bellis
1156 1061 1337 1119 Syriacis
1363 1060 1419 1104 de
1443 1059 1568 1105 bellis

317 1127 525 1173 Parthicis
547 1127 587 1181 *)
624 1135 706 1172 etc.

415 1247 463 1290 4.
498 1229 666 1276 Primus
689 1231 825 1277 latine
848 1233 984 1278 vertit
1006 1233 1255 1291 Appianum
1278 1229 1429 1275 Petrus
1457 1231 1565 1275 Can-

313 1294 444 1344 didus
472 1294 705 1343 December.
750 1302 952 1344 Venetiis
987 1297 1066 1357 pe'r
1093 1300 1300 1343 Vindelin
1337 1301 1395 1344 de
1429 1301 1567 1357 Spita.

319 1380 442 1423 1472
477 1365 555 1411 fol.
580 1365 710 1422 (male
732 1383 755 1409 a
779 1367 1038 1424 quibusdam
1060 1365 1164 1409 loco
1191 1366 1333 1411 Venet.
1356 1367 1566 1424 scriptum

313 1433 375 1480 est
394 1433 574 1487 Romae,
602 1449 646 1477 v.
667 1433 954 1475 Maittarium
977 1435 1028 1478 A.
1051 1435 1105 1476 T.
1129 1435 1205 1493 LV·
1245 1448 1344 1493 pag.
1375 1449 1397 1493 3
1412 1447 1484 1494 13.
1516 1443 1566 1480 et:

309 1497 611 1556 Aztdzffi·edunz
635 1499 759 1544 catal.
774 1499 1070 1545 edd.R0man.
1100 1500 1206 1544 saec.
1225 1503 1318 1545 XV.
1341 1517 1440 1561 pag.
1474 1515 1562 1546 122

309 1568 400 1627 sq.)
440 1592 501 1601 —
549 1576 648 1614 tum
680 1569 878 1612 Venetiis
912 1583 992 1622 per
1036 1568 1308 1611 Bernardum
1344 1562 1596 1614 Fidiorem‘

307 1635 556 1680 Erhardum
580 1633 776 1685 Ratdolt‚
813 1643 859 1676 et
884 1632 1063 1676 Petrum
1101 1632 1305 1687 Loslein,
1350 1650 1387 1702 a.
1421 1649 1562 1692 1477.

305 1703 383 1748 fol.
398 1705 451 1747 II.
475 1701 579 1745 voll.
613 1724 678 1734 —
709 1701 835 1758 Regii
861 1714 940 1756 per
965 1700 1301 1744 Franciscumde
1316 1701 1564 1749 Mazalibus.

315 1783 444 1828 1494
467 1767 543 1812 fol.
579 1793 637 1802 --
682 1770 844 1810 Venet.
878 1779 996 1824 1499
1024 1776 1071 1811 et
1096 1779 1233 1823 1500.
1258 1766 1335 1812 fol.
1352 1770 1561 1826 Mogunt.

314 1851 454 1895 1529.
489 1836 565 1891 (de
598 1836 755 1892 quibus
790 1833 886 1877 edd,
922 1849 964 1876 v.
995 1832 1055 1877 ‘Io
1080 1831 1233 1876 Bened.
1268 1833 1561 1878 Mittas-ellum

304 1905 353 1948 in
379 1904 623 1961 adpendice
646 1903 706 1945 ad
721 1899 826 1944 bibl.
853 1900 982 1943 codd.
1005 1908 1180 1944 msstor.
1212 1899 1394 1946 monast.
1417 1903 1459 1947 8.
1478 1905 1560 1947 Mi-

305 1971 466 2019 chaelis
490 1972 656 2015 Venet.
684 1984 782 2027 pag
810 1981 866 2009 22
896 1967 955 2023 sq.
992 1967 1142 2008 Brann
1172 1966 1277 2012 bibl
1305 1969 1373 2014 88.
1408 1969 1557 2015 Vdalr.

302 2047 352 2084 et
369 2042 514 2089 Afrae,
550 2033 867 2096 Auoustaevn
875 2032 961 2078 del
987 2043 1098 2078 tom.
1131 2049 1166 2077 1.
1190 2048 1290 2094 pag.
1308 2036 1486 2094 144sq.
1510 2046 1559 2083 et

311 2112 400 2157 138
425 2107 485 2164 sq
527 2100 705 2162 Fossum
738 2102 871 2146 codd.
904 2101 1012 2144 saec.
1035 2100 1126 2145 XV.
1151 2103 1197 2144 in
1235 2101 1340 2147 bibl.
1377 2102 1559 2163 Maglia-

302 2171 431 2219 bech.
466 2182 583 2218 tom.
623 2184 662 2216 1.
687 2185 785 2230 pag.
827 2182 912 2227 131
953 2168 1014 2227 sq.
1048 2169 1160 2213 adde
1196 2168 1557 2228 Schweighauser

1417 2239 1554 2294 praef.

353 2372 394 2419 J)
422 2373 472 2412 At
489 2372 605 2411 libem
629 2372 823 2410 Parthicus
844 2368 1055 2421 genuinuS,
1105 2365 1150 2406 ab
1168 2366 1344 2417 Appiano
1377 2370 1554 2419 scriptus,

411 2430 477 2466 diu
498 2430 595 2465 inter
599 2429 711 2470 cidit3
743 2435 878 2463 contra
899 2427 982 2471 ille,
1014 2424 1080 2472 qui
1102 2425 1263 2471 ῑυρὛΓῑ
1253 2437 1309 2468 ²s,
1339 2437 1383 2462 ex
1406 2424 1555 2464 Plutar

410 2485 471 2521 chi
492 2485 578 2521 vitis
595 2481 707 2521 Ciaffi
731 2482 964 2529 Antoniique
984 2480 1278 2525 consarcinatus,
1312 2481 1364 2519 est
1392 2482 1553 2531 spurius,
1640 2522 1643 2524 ,
1679 2508 1685 2515 -

394 2540 472 2578 nil
480 2541 580 2587 iique
599 2542 643 2577 ad
670 2538 885 2586 Appianum
908 2537 1096 2584 pertinet,
1133 2539 1315 2577 monente
1331 2546 1370 2577 et
1389 2540 1553 2577 docente

406 2595 762 2645 schweighausem,
790 2594 818 2628 l·
837 2604 880 2631 c.
889 2592 984 2632 etin
1005 2593 1063 2630 ed
1084 2591 1164 2631 sua·
