1753 3005
573 273 823 322 PONTIVS
854 271 1106 327 PJLATVS.
1403 286 1466 340 19

205 403 439 450 Tiberium
461 399 588 446 miffis
614 400 874 460 probabilia.
948 403 1084 447 Feriis
1121 402 1364 448 memoriae
1394 420 1466 450 re-

203 471 487 517 surreetionis
515 472 696 515 Domini
720 470 855 514 nostri
877 471 1046 515 sacratis
1075 471 1121 514 in
1149 472 1369 516 academia
1395 470 1468 516 Iu„-

204 538 262 584 lia
297 539 502 585 Carolina
526 556 567 596 p.
586 556 628 596 p.
653 537 784 583 Henr.
810 534 918 582 Phil.
948 538 1067 582 Consu
1103 537 1268 596 Heme,
1303 539 1469 588 Theoi.

203 608 262 653 D.
294 615 341 652 et
364 604 751 652 PPO.1{elmstad.
782 611 922 662 1784.
943 619 989 661 4.
1027 605 1164 649 chke
1185 608 1240 652 V.
1269 608 1321 653 C.
1350 608 1470 655 hane

204 675 315 732 disp.
345 676 390 717 in
414 682 501 718 tres
527 673 733 729 dispescit
754 671 1045 729 quaestiones.
1115 677 1298 726 Quaerit
1329 677 1469 736 igitur

209 746 261 794 1)
293 755 399 784 num
421 739 577 784 Pilatus
599 740 820 784 reueraad
835 741 1393 796 imperatoremTiberium
1407 745 1466 789 de

193 809 327 854 ,causa
349 807 507 854 Christi
541 806 778 852 retulerit?
821 807 943 864 quod
972 806 1196 861 adfirmat,
1255 817 1301 855 et
1336 827 1470 872 argu-

202 876 368 920 mentis
391 876 656 936 corroborat
674 873 913 925 historici53
955 879 1004 925 ι)
1042 891 1154 932 quae
1190 876 1355 922 summa
1376 883 1472 924 fue·-¹

202 944 265 988 rit
292 941 406 986 illius
443 941 709 987 relationis?
759 944 845 996 Ea,
905 957 1017 999 quae
1051 942 1236 987 ‘Iustinus
1279 948 1471 1002 martyr,

201 1011 251 1053 in
276 1011 427 1067 primis
451 1008 780 1060 Tertullianus,
828 1016 875 1054 et
897 1025 950 1052 ex
976 1025 1031 1054 eo
1058 1010 1293 1069 scriptores
1325 1013 1468 1058 eccle-

202 1074 351 1121 siastici
373 1078 586 1127 excitant,
621 1078 668 1120 in
692 1075 764 1120 illa
790 1073 1017 1129 exstitiffe,
1060 1093 1217 1134 parum
1251 1080 1467 1127 credibile

205 1144 287 1195 est3
323 1153 477 1189 contra
502 1145 555 1188 ad
577 1143 900 1202 probabilitatis
927 1145 1120 1202 speciem
1145 1145 1312 1191 Henke
1326 1148 1470 1193 dedu—

203 1213 266 1256 cit
283 1222 572 1271 argumenta,
608 1213 762 1269 quibus
788 1213 1052 1269 probaturus
1081 1212 1168 1266 est,
1205 1214 1295 1258 adia
1325 1216 1472 1271 Pilati,

204 1293 316 1336 quae
348 1271 539 1335 Eusebius
570 1278 665 1323 hist.
708 1277 860 1323 eccles·
884 1278 961 1325 lib.
990 1282 1065 1325 IX.
1088 1296 1180 1339 cap.
1208 1295 1250 1337 ς.
1276 1286 1475 1339 profert,

203 1347 258 1390 ab
284 1348 522 1390 Maximino
547 1345 738 1403 Thrace,
759 1347 1033 1404 imperatore
1057 1348 1112 1391 ad
1147 1347 1366 1394 Christum
1400 1352 1476 1394 in-

205 1413 458 1456 famandum
481 1410 604 1457 fuisse
623 1412 823 1472 vulgata,
872 1421 934 1467 et,
965 1412 1043 1457 nifi
1078 1417 1276 1475 integra,
1316 1426 1475 1471 tamen.

203 1481 436 1524 maximam
463 1488 636 1536 partem
662 1494 714 1523 ex
733 1480 926 1539 genuina
954 1480 1076 1526 Pilati
1098 1482 1316 1528 relatione
1345 1480 1474 1528 fuisse-

204 1556 359 1592 mutua
375 1547 534 1590 sumta:
573 1561 703 1602 quam
724 1545 1023 1590 comesturam
1054 1547 1307 1603 confilium,
1344 1551 1472 1609 quod

203 1613 282 1657 iste
307 1614 460 1669 prodit
482 1611 735 1670 euulgando
758 1610 867 1654 illud
891 1613 1126 1670 scriptum,
1166 1614 1292 1660 valde
1312 1620 1476 1675 proba-

205 1678 342 1724 bilem
371 1680 544 1723 reddit:
588 1678 633 1736 3)
668 1693 803 1736 quem
823 1679 992 1723 exitum
1014 1679 1221 1727 habuerit
1253 1682 1325 1727 illa
1360 1684 1472 1730 rela-

202 1749 306 1793 tio?
342 1750 536 1790 Primum
557 1747 648 1805 agit
675 1744 842 1790 Henke
867 1746 924 1790 de
952 1750 1205 1793 narratione
1231 1751 1471 1797 Tertullia-

193 1816 276 1868 ni,
323 1816 554 1859 Tiberium
587 1813 633 1856 id
666 1810 825 1874 egiffe,
871 1823 919 1859 vt
952 1814 1174 1860 Christum
1204 1818 1324 1863 inter
1357 1820 1472 1865 deos

203 1885 420 1927 referret:
476 1891 571 1926 tum
597 1881 818 1928 obseruat.
845 1881 1174 1928 Tertullianum
1220 1886 1267 1930 id
1298 1885 1472 1933 consilii

137 1951 145 1958 “
203 1951 431 1993 Tiberiani
450 1964 543 1993 non
562 1963 840 2009 memorare,
876 1947 991 2006 quasi
1012 1950 1110 2008 post
1135 1961 1368 2010 acceptum
1401 1956 1469 1999 Pi-

163 2015 281 2062 &lati
311 2016 576 2062 relationem
613 2018 748 2061 fuerit
779 2017 1029 2074 susceptum
1053 2026 1100 2064 et
1126 2020 1473 2078 Tertullianum,

189 2086 281 2133 ‚vbi
312 2085 368 2128 de
404 2086 590 2128 Tiberio
627 2083 853 2142 loquitur,
897 2100 1052 2142 parum
1089 2085 1322 2144 respexiss'e
1348 2089 1471 2136 illam

186 2153 520 2197 narrationem.
585 2154 732 2203 Quare
758 2150 925 2196 Henke
960 2149 1235 2210 suspicatur,
1280 2157 1357 2200 sub
1393 2160 1472 2202 Ti.

204 2219 358 2269 herio,
395 2222 464 2263 cui
485 2217 785 2264 Tertullianus
806 2219 915 2262 illud
942 2219 1172 2264 confilium
1184 2224 1358 2277 tribuit,
1395 2226 1471 2270 Ti-

205 2280 380 2330 berium
401 2286 632 2332 Claudium
665 2283 752 2330 effe
792 2286 1164 2346 intelligendum,
1225 2292 1364 2348 eaque
1399 2292 1469 2337 su-

203 2353 403 2410 spicione
432 2356 616 2412 probata
635 2352 764 2410 effici,
797 2363 846 2399 vt
872 2356 962 2396 Ter
967 2353 1171 2399 tullianus
1207 2357 1353 2401 secum
1385 2362 1469 2405 mi-

207 2434 288 2463 nus
313 2430 499 2481 pugnet
529 2446 585 2454 -—
622 2422 677 2463 Io.
702 2421 851 2481 Georg.
879 2420 1159 2476 Altmanmts,
1195 2436 1349 2470 contra
1364 2426 1468 2473 Cle-

207 2487 349 2531 ricum
369 2498 416 2532 et
438 2490 696 2550 Basnagium
720 2489 970 2546 disputans,
1004 2491 1052 2533 in
1071 2490 1377 2547 disquifitione
1401 2495 1469 2539 hi-

207 2551 390 2599 storico·
375 2557 569 2619 ·critica,
612 2557 668 2602 de
703 2555 885 2615 epistola
917 2558 1066 2603 Pontii
1099 2557 1227 2614 Pilati
1248 2561 1302 2605 ad
1329 2565 1468 2607 ”libe-

773 2626 805 2668 B
839 2638 863 2668 2
1340 2632 1471 2684 rium,
