1686 3025
275 239 375 301 362
749 234 1067 282 XENOPHON.

199 398 207 401 .
269 354 471 423 licaque,
508 364 595 408 iam
626 368 754 406 antea
782 359 972 422 vulgatis
1000 359 1301 421 versionibus,
1361 365 1531 411 Luccae

278 438 423 487 1781.
460 433 577 475 med.
597 445 645 484 4.
679 454 748 462 —
785 427 943 472 italica
967 427 1020 474 A.
1051 427 1119 475 M.
1155 428 1346 473 Saluinii
1372 431 1532 485 versic,

270 500 378 546 edit.
399 501 473 544 111.
493 499 665 556 prodiit
702 496 899 542 Florent.
929 509 1069 555 1792·
1106 497 1177 540 16.
1205 496 1323 542 Haec
1355 499 1418 544 est
1440 502 1532 557 pri·

269 580 342 610 ma
371 582 469 625 pars
519 564 882 626 colligendorum
931 563 1149 608 librorum
1189 565 1532 621 romanensium,

270 648 373 677 cum
396 634 712 691 inscriptionez
751 631 994 678 Biblioteca
1016 631 1084 676 de'
1100 634 1381 677 Romanzieri
1406 636 1530 693 greci

268 702 464 746 tradotti
511 703 559 745 in
605 699 805 746 Italiano.
888 700 1181 754 Germanice,
1232 701 1396 747 Anthia
1437 702 1530 754 vnd

267 768 551 813 Abrokomas
577 783 652 812 aus
684 768 790 812 dem
811 763 1124 812 Griechischen
1157 768 1236 811 des
1250 768 1530 826 Xenophon,

267 850 360 880 von
383 836 597 894 EphesuS,
631 835 746 894 Lips.
775 847 906 892 1775.
932 840 971 887 8
999 843 1046 880 et
1069 837 1122 879 ab
1145 835 1231 879 alio
1256 835 1530 908 diligentius,

271 904 444 948 Onoldi
475 917 616 963 1777.
643 910 686 956 8.
755 902 808 947 ln
841 901 1026 950 Miscell
1049 887 1528 949 Obseruat.v01.111.

264 970 345 1016 IV.
369 971 422 1016 V.
447 971 522 1017 VI.
551 980 599 1016 et
622 974 673 1015 X.
697 980 745 1016 et
769 973 816 1013 in
838 972 968 1013 nouis
991 969 1172 1015 miscell.
1197 966 1305 1015 obss'.
1320 971 1526 1018 tom.111.

265 1048 316 1083 et
336 1040 413 1085 VI.
480 1038 677 1090 Alberti‚
709 1035 1064 1083 Hemsterhusius
1090 1046 1225 1095 atque
1262 1039 1527 1083 Abreschius

264 1115 350 1151 etc.
376 1123 459 1151 nec
484 1122 578 1151 non
602 1104 842 1147 Doruillius
866 1107 911 1147 in
934 1107 1165 1160 permultis
1188 1104 1296 1148 locis
1330 1108 1526 1150 animad-

263 1171 521 1217 uersionum
543 1173 715 1216 suarum
738 1174 783 1214 in
806 1169 1130 1228 Charitonem,
1164 1172 1211 1213 in
1243 1174 1525 1218 emendando

260 1240 341 1284 illo
365 1241 582 1296 scriptore
602 1239 718 1281 vires
739 1237 913 1296 ingenii
933 1238 1138 1282 certatim
1162 1248 1474 1287 exercuerunt.
1485 1256 1527 1285 v.

259 1306 317 1352 cl.
335 1306 463 1351 Saxii
485 1306 651 1352 Onom.
670 1304 740 1350 lit.
766 1307 798 1350 Ι
819 1321 866 1363 p.
889 1317 1003 1362 472.
1027 1304 1089 1363 sq.

362 1421 405 1470 3.
442 1406 777 1460 CHARITON,
826 1402 1201 1464 Aphrodifienfis‚
1233 1406 1291 1451 de
1322 1406 1524 1456 Chaerea

259 1482 308 1520 et
330 1473 588 1531 Callirhoe,
631 1473 702 1518 ed.
731 1490 755 1518 a
788 1473 873 1519 Iac
895 1469 1093 1535 Philippo
1125 1468 1169 1514 d‘
1191 1472 1384 1530 Ormlle,
1421 1492 1524 1524 cum

254 1540 460 1589 versione
492 1541 628 1586 latina
674 1544 708 1586 I.
748 1545 780 1586 Ι.
818 1538 1007 1593 Reiskii,
1061 1539 1239 1586 Arnstel.
1291 1555 1431 1601 1750.
1474 1559 1522 1603 4.

251 1611 444 1656 Additus
469 1608 678 1655 Doruillii
706 1609 1053 1654 commentarius
1087 1607 1148 1652 est
1185 1624 1313 1653 verus
1338 1627 1522 1675 graecae

254 1678 522 1724 eruditionis
556 1677 810 1729 thesaurus,
847 1678 894 1720 in
929 1691 1020 1733 quo
1058 1683 1236 1732 praeter
1265 1693 1316 1723 ea
1346 1677 1520 1725 infinita

250 1760 396 1806 paene
423 1753 625 1788 veterum
647 1744 879 1789 auctorum
900 1743 1317 1800 locapemendantur
1351 1754 1399 1791 et
1422 1745 1522 1791 illu-

253 1813 459 1857 strantur.
490 1836 556 1844 —
592 1827 679 1856 rec.
719 1814 927 1866 (curante
947 1819 995 1854 et
1021 1810 1280 1867 corrigente
1303 1813 1520 1870 quaedam

250 1878 416 1924 Beckio.
442 1877 495 1922 V.
517 1880 593 1931 C.)
629 1877 796 1937 Lipfiae
848 1884 989 1936 1783,
1017 1882 1060 1928 8.
1094 1900 1161 1909 --
1187 1877 1348 1937 gallice
1378 1883 1518 1927 vertit

249 1957 468 2004 notasque
502 1948 666 1992 adiecit
702 1941 964 1995 Lankena,
1024 1945 1154 1990 Paris.
1196 1946 1336 2002 1763.
1376 1953 1415 1999 8.
1456 1950 1518 2005 (v.

253 2010 458 2072 Villozson
485 2017 532 2058 iu
552 2015 805 2076 prolegom.
832 2013 885 2056 ad
909 2015 1048 2057 Hom.
1075 2010 1206 2055 Iliada
1239 2029 1340 2074 pag.
1362 2017 1515 2061 XLVI.

250 2082 371 2140 not.)
408 2093 474 2115 -“-
506 2091 603 2128 tum
632 2081 797 2134 Fallet,
840 2082 962 2124 cuius
1005 2077 1147 2123 verslo
1175 2080 1300 2126 valde
1323 2082 1515 2128 liberalis

252 2148 341 2196 effe
363 2151 541 2203 dicitur,
577 2151 651 2196 ed.
676 2151 730 2194 II.
761 2148 909 2193 lucem
932 2146 1046 2193 vidit
1072 2148 1266 2205 Syracus,
1295 2158 1343 2196 et
1379 2152 1513 2199 Paris.

258 2225 403 2277 1784.
439 2231 508 2263 12.
532 2226 644 2263 tom.
670 2221 702 2263 Ι.
728 2219 779 2262 Π.

346 2334 393 2378 4.
429 2321 498 2365 De
522 2318 1124 2373 NICETAAEVGENIANQ
1141 2328 1189 2365 et
1203 2316 1399 2376 freliquis
1415 2318 1515 2363 scri-

158 2403 161 2409 *
246 2389 454 2448 ptoribus
481 2389 659 2433 eroticis
681 2389 862 2432 ineditis
887 2404 928 2432 v.
951 2383 1144 2430 Fabricii
1157 2390 1200 2431 B.
1224 2388 1302 2430 Gr.
1322 2385 1420 2431 Vol.
1438 2389 1510 2430 VI.

247 2458 369 2502 Libr.
391 2457 445 2501 V.
471 2470 562 2513 cap.
598 2456 641 2500 6.
680 2471 779 2514 pag.
827 2461 935 2506 812.
968 2455 1061 2512 sqq.
1130 2457 1252 2500 Duos
1284 2453 1511 2513 hucusque

245 2523 443 2570 ineditos
466 2524 514 2569 in
538 2523 683 2570 lucem
707 2520 961 2582 prolaturus
984 2531 1094 2571 erat.
1126 2524 1298 2574 Boden.

1335 2594 1395 2657 5·
1431 2598 1511 2648 30·
