1640 3030
523 253 695 301 IANVS
721 251 991 303 LASCARIS.
1308 257 1400 319 563

139 383 204 427 xit
228 380 364 438 libris,
399 387 447 428 et
465 380 662 439 capitulis
688 379 938 436 subdiuifit‚
970 380 1090 426 notis
1111 370 1246 426 etiam
1256 388 1304 427 et
1326 383 1396 428 di-

147 448 371 509 gnitatum
410 448 705 507 explicatione
737 449 990 503 illustrauit,
1025 457 1157 507 atque
1193 450 1254 494 ita
1291 465 1401 495 con-

56 528 61 534 ‘
142 517 332 562 tradhim
351 516 486 562 latine
513 517 653 563 edidit
676 519 729 561 ad
754 516 917 562 calcem
943 518 1235 561 Historiarum
1249 517 1400 562 Theo-

150 583 343 644 phylaffi
377 587 664 638 Simocattae,
699 601 767 646 gr.
799 593 846 630 et
878 584 953 630 lat.
990 583 1290 645 vulgatarum‚
1335 584 1405 632 In-

148 651 336 711 golstad.
397 653 534 711 1604.
574 667 626 710 4.
668 653 725 697 de
762 668 846 711 qua
876 653 1078 697 editione
1117 662 1165 697 et
1201 653 1404 714 Georgio

148 716 341 764 Phranza
377 719 501 777 plura
524 721 755 765 adnotauit
779 715 948 764 Fabric.
970 720 1017 762 in
1044 722 1090 764 B.
1121 721 1198 767 Gr.
1219 720 1307 765 vol.
1329 723 1406 770 VI.

150 801 251 845 pag.
294 800 402 845 591.
440 788 532 846 sqq.
573 789 686 832 adde
719 787 809 832 vol.
844 789 899 832 X.
930 802 1027 846 pag.
1061 793 1171 846 814.
1206 788 1299 847 sqq.
1335 812 1405 825 --=-

149 852 307 899 Verfio
342 854 414 898 illa
447 858 636 900 Pontani
671 856 821 900 recusa
856 854 917 899 est
949 870 1050 898 cum
1075 854 1230 911 Gencss'z
1251 855 1405 904 histor.

150 923 329 980 Byzant.
354 924 553 967 Venetiis
583 933 720 982 1733
744 922 820 966 fol.
845 923 958 966 adde
978 918 1254 984 Hambezger.
1279 927 1325 985 Z.
1344 927 1405 972 N

153 987 231 1034 IV.
266 1003 364 1048 pag.
392 995 500 1040 812.
524 990 582 1046 sq.
609 998 658 1034 et
680 989 806 1031 Saxii
828 988 992 1032 Onom.
1014 991 1068 1036 11.
1093 1005 1194 1049 pag.
1211 1003 1325 1047 477.
1347 1016 1409 1025 —

160 1057 212 1100 ld
249 1072 384 1113 opus,
430 1056 668 1113 periodum
699 1058 1019 1113 imperatorum
1053 1072 1320 1117 gxaecorum
1352 1057 1408 1103 ad

158 1122 363 1167 familiam
381 1122 632 1183 Palaeologi
658 1125 997 1180 pertinentium,
1035 1132 1082 1168 et
1102 1123 1260 1182 multa,
1296 1141 1410 1182 quae

156 1193 209 1234 ab
244 1190 335 1234 aliis
357 1186 653 1247 praetermiffa
675 1190 801 1241 sunt,
837 1188 1078 1239 memotiae
1103 1192 1278 1247 prodita
1299 1207 1407 1236 con-

156 1259 325 1309 tinens,
361 1259 564 1315 adeoque
591 1257 798 1301 historico
821 1266 910 1302 tam
936 1251 1043 1319 vgile
1066 1274 1195 1315 quam
1218 1256 1410 1305 neceffa-

158 1328 381 1376 1·ium‚et
411 1340 499 1383 quo
527 1324 768 1370 absoluitur
787 1341 947 1382 corpus
969 1322 1410 1387 scriptorumByzan

96 1445 101 1447 ξ
158 1395 372 1444 tinorum,
405 1407 561 1451 graece
590 1394 819 1453 integrum
841 1408 942 1437 cum
962 1390 1165 1437 versione
1185 1393 1259 1438 lat.
1286 1397 1407 1441 notis

161 1471 208 1504 et
249 1455 454 1520 glossatio
482 1460 559 1503 suo
585 1476 609 1505 e
634 1462 732 1506 cod.
756 1463 901 1504 Bauar.
928 1460 1128 1505 edit->urus
1153 1460 1213 1505 est
1234 1461 1314 1505 cel.
1336 1461 1410 1506 Al-

159 1537 227 1570 ter
237 1530 402 1585 ‚Profi
423 1542 613 1586 graecar.
637 1528 822 1573 litterar.
843 1530 890 1571 in
913 1517 1130 1587 academia
1149 1530 1411 1579 Vindobon.

160 1607 294 1653 atque
323 1597 408 1638 iam
452 1594 579 1652 prelo
614 1597 808 1652 parauit·
842 1597 963 1653 quod
999 1603 1046 1639 vt
1073 1610 1412 1656 aequumaeepe-

159 1664 245 1707 riat
278 1663 509 1707 redemtor
541 1673 587 1707 et
606 1664 682 1705 suo
710 1661 826 1720 quasi
849 1677 1022 1710 carcere
1043 1675 1148 1706 mox
1169 1666 1414 1720 emittatur,

150 1731 348 1773 *omnino
370 1729 431 1774 est
468 1731 732 1787 optandum.

262 1878 304 1922 ς,
335 1863 657 1907 Demetrius
693 1860 1114 1925 Chalcondylas,
1168 1866 1416 1913 Athenien-

164 1930 248 1990 fis,
282 1934 588 1992 grammaticus
620 1940 674 1976 vet
710 1933 765 1976 de
800 1934 964 1991 graecis
999 1932 1160 1978 litteris
1195 1935 1418 1992 praeclare

164 2000 365 2052 meritus,
396 1998 671 2044 floruit-circa
683 2015 718 2046 a.
739 2012 870 2058 1479.
887 2015 934 2045 ac
957 2001 1198 2044 Mediolani
1221 2018 1257 2047 a.
1280 2016 1294 2044 1
1310 2017 1421 2060 510.

165 2069 278 2111 obiit:
301 2067 592 2126 ofkogenario
619 2071 768 2112 maior.
791 2068 893 2110 vide
918 2068 1044 2125 supra
1067 2070 1112 2111 in
1137 2077 1246 2113 tom.
1270 2072 1421 2129 Lpag.

168 2148 252 2192 42.
291 2135 351 2191 sq.
387 2134 639 2192 prolegom.
677 2144 723 2178 et
746 2149 841 2192 pag.
871 2147 976 2191 145.
1011 2131 1140 2179 Fabr.
1168 2138 1209 2183 R.
1236 2138 1310 2180 Gr.
1332 2137 1421 2185 vol,

167 2203 202 2246 J.
238 2216 336 2261 pag.
359 2214 472 2259 414.
498 2202 555 2259 sq.
586 2211 633 2248 et
653 2200 741 2245 vol,
761 2203 854 2244 VII.
880 2217 979 2261 pag.
1005 2217 1085 2260 40.
1117 2199 1308 2246 Bandini
1326 2204 1423 2262 spe·-

172 2270 317 2313 cimen
344 2268 531 2314 lit-terat.
557 2268 755 2315 Florent.
777 2277 888 2325 part.
908 2270 961 2312 11.
986 2285 1087 2329 pag.
1108 2285 1190 2329 43.
1213 2271 1272 2329 sq.

273 2403 319 2446 6.
355 2401 561 2445 Ianus
597 2401 685 2448 siue
720 2398 1017 2445 Iohanne
1042 2419 1063 2445 s
1104 2402 1423 2462 Lascaris‚

172 2470 508 2525 fflndacenuz
542 2472 850 2531 grammaticus
875 2486 1056 2529 graecus
1080 2472 1228 2516 editor
1256 2475 1428 2519 Antho-

171 2536 320 2607 logissie
359 2553 544 2599 graecae
585 2537 781 2585 Florent.
821 2551 962 2597 1494.
995 2554 1041 2597 4.
1075 2538 1236 2585 litteris
1263 2545 1428 2602 graecis

1320 2611 1430 2672 capi,
