1640 3030
390 225 647 273 MICHAEL
678 225 1035 274 APOSTOLIVS.
1241 236 1332 289 551

194 350 244 410 h)
276 354 346 397 De
378 349 632 399 differentia
663 351 968 412 philosophiae
1006 350 1250 398 Aristotelis
1288 358 1338 399 ee

14 451 16 454 ψ
95 418 317 472 Platonis,
364 418 472 479 (qui
505 421 620 464 liber
665 419 822 477 plenus
864 422 1165 480 conuitiorum
1204 430 1339 477 atque

93 488 456 545 opprobriorum,
476 490 522 532 in
543 503 632 547 quo
658 486 828 533 Platoni
846 491 1012 548 primae
1039 489 1213 544 dantur,
1234 486 1346 532 mul·

14 574 17 588 ἰ
104 563 171 600 tas
193 555 402 601 excitauit
421 554 793 610 controuerfias‚)
815 572 987 617 graece,
1009 557 1170 603 Venet.
1201 569 1344 615 1532.

103 628 148 675 3.
183 644 251 658 --
293 635 430 681 1540.
458 639 506 678 4.
535 647 601 658 -
657 623 787 671 Paris.
818 638 959 683 1541.
997 636 1071 671 12.
1093 646 1161 658 --
1188 622 1346 679 latine,

97 688 219 738 Basil
249 704 391 749 1574.
412 706 461 748 4.

202 757 240 814 i)
274 760 341 802 De
375 771 511 816 opere
543 760 634 802 eius
678 760 872 817 quodam
903 759 1209 820 geographico
1239 759 1344 804 vide

103 823 168 871 St.
201 826 331 868 Crotx
357 829 495 872 notit
530 825 637 871 edit.
669 843 813 872 nouae
837 827 1135 888 geographer.
1161 842 1347 887 graeco-

14 916 17 923 »
104 907 205 936 rum
239 895 466 937 minorum
500 908 570 937 nr.
605 893 679 939 26.
716 902 763 940 et
795 910 904 952 quae
930 910 1056 939 exea
1077 893 1269 953 excerpsi
1292 894 1348 939 ad

104 955 230 1003 Fabr.
255 962 299 1004 B.
320 962 396 1005 Gr.
420 959 506 1004 vol.
527 962 601 1004 JV.
625 976 722 1024 pag.
750 961 862 1017 669.
1300 978 1305 981 ·

211 1037 252 1083 3.
277 1021 472 1069 Fabricii
504 1025 548 1068 Β.
583 1028 662 1074 Gr
693 1026 781 1073 vol.
794 1026 845 1074 X
868 1044 966 1088 pag
986 1041 1098 1088 739.
1112 1029 1206 1086 sqq
1242 1028 1354 1072 Bru·

25 1093 31 1099 ’
110 1094 217 1138 cker
239 1093 334 1140 hist.
370 1096 471 1140 crit.
511 1092 672 1150 philos.
694 1102 810 1141 to..m
834 1098 926 1139 1111.
953 1104 1064 1152 part
1088 1098 1122 1140 I.
1147 1111 1245 1156 pag.
1269 1109 1353 1154 41.

110 1162 203 1220 sqq.
286 1156 551 1221 Hambergcr
582 1164 632 1206 Z.
664 1164 721 1207 N.
752 1153 842 1209 vol.
873 1161 948 1208 IV
983 1178 1082 1222 pag.
1116 1176 1225 1220 712.
1248 1163 1356 1221 sqq.

114 1228 242 1272 Saxzi
274 1230 439 1273 Onom.
463 1230 518 1273 Π.
544 1243 642 1287 pag.
666 1241 780 1287 423.
803 1229 862 1286 sq.
927 1228 1114 1272 Kollarzz·
1139 1229 1356 1288 supplem

116 1296 145 1342 l.
177 1298 230 1342 ad
266 1297 486 1340 Lambecii
524 1304 766 1341 comment.
798 1311 897 1356 pag.
925 1303 1040 1355 498.
1074 1297 1134 1355 sq.
1163 1310 1271 1355 557.
1292 1297 1356 1356 sq.

118 1363 285 1410 Iriart.
314 1363 439 1410 catal.
470 1364 602 1412 codd.
643 1378 711 1432 gr.
735 1361 912 1415 Matrit
935 1379 1040 1428 pag.
1069 1370 1145 1418 28.
1175 1364 1284 1428 346.
1308 1372 1356 1413 et

153 1446 180 1491 7
298 1461 299 1465 ,

122 1445 144 1477 2
188 1434 232 1481 6.
598 1502 675 1554 §.
716 1498 824 1559 164·

339 1586 658 1633 MICHAEL
701 1586 1149 1634 APOSTOLIVS.

227 1715 266 1745 1.
310 1704 598 1760 Byzantium,
633 1703 733 1761 circ.
763 1716 804 1748 a.
836 1715 974 1759 1450.
995 1700 1113 1746 exsul
1135 1717 1161 1746 e
1184 1701 1365 1747 Graecia

124 1771 170 1814 in
202 1771 371 1815 Italiam
406 1771 552 1820 venit,
589 1768 1033 1829 paroemiographus,
1076 1768 1366 1826 philosophus

125 1837 374 1896 platonicus
410 1845 458 1881 et
480 1845 657 1881 orator:
695 1845 821 1894 pater
843 1837 927 1881 fuit
959 1830 1219 1893 Arsenii‚
1255 1835 1368 1880 Cre-

124 1904 256 1950 tensis
287 1907 451 1963 patria‚
494 1903 816 1948 IVlonembafiae
848 1904 1065 1961 episcopi,
1111 1905 1186 1961 qui
1217 1919 1372 1964 graeca

129 1972 292 2018 scholia
326 1975 372 2016 in
405 1972 621 2028 Euripidis
655 1973 744 2018 VII.
778 1971 1027 2031 tragoedias
1062 1970 1270 2031 collegit,
1324 1978 1371 2017 et

130 2042 395 2085 Venetiisssa„
427 2047 558 2095 1435.
583 2038 736 2082 viuere
762 2037 901 2083 desiit.

239 2121 282 2151 2.
316 2108 494 2150 Praeter
520 2105 625 2156 alia,
660 2104 801 2149 adhuc
826 2106 1015 2157 inedita,
1053 2106 1158 2149 fecit
1179 2102 1373 2148 collecti-

135 2190 270 2220 onem
292 2174 638 2232 paroemiarum,
673 2187 856 2230 quarum
877 2174 1131 2229 epitomen,
1166 2170 1378 2228 (explica-

134 2245 262 2288 tione
287 2239 381 2286 fere
404 2240 616 2299 rescisa,)
654 2254 811 2299 graece
834 2240 974 2284 edidit
998 2240 1249 2298 Heruagius
1270 2235 1378 2282 Bafi.

136 2310 230 2355 leae
252 2324 267 2353 1
282 2315 390 2368 538.
406 2314 448 2360 8.
464 2323 573 2366 quae
595 2308 802 2365 deinceps
826 2306 1057 2364 aliquoties
1069 2305 1381 2351 esttecusa.-

139 2373 381 2422 Pleniffima
414 2377 553 2420 editio
587 2374 674 2421 estt
718 2368 946 2433 Μιχαήλε
966 2368 1200 2423 Ἀποςολιέ
1228 2371 1382 2436 παροί-

141 2463 255 2504 mxc.
327 2443 566 2488 Centuriae
598 2445 713 2488 XXI.
746 2443 1092 2485 Prouerbiorum
1124 2456 1176 2485 ex
1200 2441 1382 2497 optimis

143 2512 390 2560 mitioribus
423 2512 590 2572 graecis
629 2509 838 2557 collectae
871 2524 894 2551 a
926 2504 1133 2577 Michaelf
1169 2505 1384 2570 Apostoli0‚

818 2578 924 2624 Μαι
953 2591 988 2634 4
1223 2577 1386 2635 Byzan·
