1640 3030
560 251 872 302 HIEROCLES.
1190 247 1199 259 ‘
1255 268 1313 317 39
1323 269 1346 317 3

88 380 229 425 monii
265 379 300 428 s.
333 378 570 437 Philoponi
602 380 690 425 vita
729 376 971 424 Aristotelis
1006 390 1072 438 gr.
1111 385 1157 425 et
1179 376 1254 424 lat.
1283 389 1352 414 -'-·

91 463 192 492 cum
215 447 340 490 Petra·
362 442 422 493 Ἰο.
446 446 653 502 Nunnesli
678 447 852 491 scholiis
880 447 937 494 de
966 448 1078 500 vita,
1130 448 1352 502 moribus,

90 515 434 573 philosophandi
467 517 667 572 ratione,
697 538 700 541 ·
737 515 905 572 scriptis
951 522 1040 560 etc.
1083 513 1352 560 ,Aristotelis

90 584 234 644 Lugd.
255 585 345 628 Bac.
377 583 464 627 162
478 595 516 627 Ι.
550 589 590 634 8.
614 580 857 629 Helmstad.
887 582 1024 630 1666.
1047 596 1092 638 4.
1117 584 1225 627 item
1253 596 1352 627 cum

89 649 295 704 sznesli
348 652 665 708 peripateticae
711 649 1016 709 philosophiae
1059 650 1354 702 institutione,

88 717 344 762 Helmstadii
374 718 510 774 1667.
532 732 578 775 4.
611 741 678 751 —-
712 719 940 764 Ammonii
962 719 1165 762 Hermiae
1194 717 1355 762 inlibri

87 785 338 830 Aristotelis
360 786 416 829 de
430 787 714 843 interpretat.
731 786 972 830 sestionem
986 786 1220 830 secundam
1235 783 1358 829 com-

89 855 332 901 mentarius
347 854 419 906 (ex
432 855 530 897 cod.
545 853 785 897 Bodleiano
799 853 1080 910 correffion)
1109 867 1210 898 cum
1225 853 1358 899 Alex.

89 919 331 978 Aphrodis·
357 919 473 962 libro
499 922 554 966 de
574 923 688 966 sato.
711 935 779 980 gt.
807 928 853 964 et
874 918 1170 975 lat‚Londini‚
1212 923 1360 983 3658ae

7 1063 13 1068 “
179 1041 240 1111 s5.
273 1055 391 1098 conf.
417 1047 545 1098 Fahr.
569 1056 615 1097 B.
630 1055 706 1099 Gr.
728 1052 906 1099 velim.
933 1069 1033 1114 pag.
1065 1051 1361 1111 161·et461·

92 1136 199 1166 nou.
225 1122 335 1167 edit.
360 1119 449 1164 vol.
474 1123 548 1164 IV.
572 1120 649 1167 lib.
674 1121 748 1166 1V.
775 1137 866 1180 cap.
893 1121 968 1165 26.
997 1137 1099 1180 pag.
1135 1121 1221 1165 161
1260 1120 1359 1178 sqq.

90 1199 181 1234 vet.
209 1189 318 1235 edit.
339 1187 550 1230 Bruckeri
581 1188 677 1238 hist.
700 1191 799 1239 crit.
832 1187 992 1252 philos.
1025 1198 1136 1234 torn.
1169 1190 1223 1234 ΙΙ.
1257 1203 1361 1255 pag,

95 1256 205 1313 326.
223 1264 319 1301 not.

360 1388 1023 1527 ‘HIEgO4ZLES-

202 1602 242 1635 1.
278 1591 406 1637 Circa
427 1592 625 1638 medium
643 1590 862 1637 saeculum
883 1593 1090 1652 quintum
1111 1592 1234 1646 vixit,
1267 1584 1371 1643 h.e.⁵

96 1659 198 1703 circ.
226 1650 280 1704 Α.
306 1660 357 1704 C.
385 1672 499 1715 450.

200 1737 243 1768 2.
279 1723 569 1769 Alexandriae
581 1722 907 1783 philosophiam
927 1725 1208 1784 platonicam,
1229 1744 1363 1786 quam

12 1838 16 1841 ,
97 1791 404 1838 Aristotelicae
430 1792 546 1839 haud
573 1793 790 1850 disparem
820 1797 1022 1852 putauit,
1073 1810 1238 1855 magno
1262 1811 1365 1841 cum

99 1860 249 1919 plausu
274 1869 408 1918 atque
432 1860 694 1905 au&oritate
716 1861 886 1910 docuit,
1152 1907 1157 1920 h

205 1943 245 1987 3.
281 1928 546 1985 Composuit
568 1927 730 1977 librum
753 1930 809 1973 de
833 1930 1140 1986 prouidentia,
1185 1938 1232 1976 et
1255 1934 1366 1988 fato,

102 1997 251 2054 deque
274 1995 404 2044 liberi
423 1996 594 2043 arbitrii
618 2011 717 2045 cum
744 1997 892 2043 diuina
917 2000 1242 2058 gubernatione
1260 2015 1368 2044 con-

29 2112 35 2116 ,
102 2064 353 2120 uenientia,
410 2078 463 2107 ex
502 2078 592 2120 quo
631 2065 843 2122 Excerpta
872 2065 1066 2111 seruauit
1088 2063 1277 2109 *Photius
1300 2069 1370 2110 Bi-

105 2129 263 2175 blioth.
289 2130 389 2174 cod
415 2143 522 2187 214.
547 2138 596 2174 et
620 2143 727 2187 251.
754 2147 892 2188 eaque
930 2133 1187 2208 quidam'in
1221 2135 1370 2191 epito-

107 2213 212 2243 men
233 2198 428 2273 redegit.
496 2199 616 2244 Tum
640 2197 717 2245 sub
740 2200 923 2243 nomine
946 2201 1036 2242 eius
1061 2200 1372 2246 circumfertur

106 2265 449 2312 commentarius
469 2265 515 2312 in
539 2279 667 2310 aurea
688 2267 878 2310 carmina
900 2267 1207 2330 Pythagor-aet
1245 2266 1381 2313 deni-

107 2348 196 2390 que
216 2327 344 2383 οἱςέιω
369 2329 458 2376 siue
485 2334 698 2391 facetiae,
735 2335 905 2380 incerta
926 2333 1041 2388 fide,
1081 2334 1144 2380 ilii
1169 2337 1384 2382 tribuun—

107 2410 192 2447 tur
525 2430 528 2431 ν

88 2526 91 2531 .
208 2480 254 2524 4
291 2469 532 2526 Epitomen
552 2470 875 2525 Excerptorum
887 2485 1046 2530 graece
1059 2478 1109 2519 et
1133 2468 1268 2518 latine
1283 2471 1378 2515 edi-

111 2535 181 2584 dit
202 2530 299 2586 ch.
323 2533 542 2584 Morellus
553 2538 754 2589 Lutetiae
794 2544 932 2599 1597
959 2546 1002 2592 8
1027 2564 1106 2589 ,--
1163 2541 1385 2595 Excerpta

658 2606 689 2649 B
705 2606 731 2648 b
767 2618 794 2665 5
1219 2606 1384 2663 Photllg
