1686 3025
210 252 310 299 244
527 232 812 284 DIOGENES
840 232 986 282 Lam
995 232 1134 287 TJVS.

211 378 294 411 na:
334 353 506 408 Marcus
537 377 647 407 vero
680 361 947 412 Nleibomius
981 367 1158 407 textum
1186 362 1233 416 in
1270 361 1474 422 segmen-

213 441 274 479 ta.
295 430 490 476 distinxit
522 437 657 486 atque
685 430 733 473 in
757 428 910 474 multis
930 428 1040 474 locis
1062 445 1115 473 ex
1140 431 1360 487 prioribus
1384 429 1478 472 edi-

209 501 414 558 tionibus
451 506 499 541 et:
522 497 683 542 MSStis
709 496 1016 542 Arundeliano
1044 506 1178 555 atque
1197 496 1476 554 Cantabrigi-

191 565 335 623 ensi,
369 580 393 608 a
426 564 604 608 Thoma
643 563 749 609 Gale
782 564 980 619 collatis,
1016 566 1285 610 emendauit.
1352 565 1480 621 Figu-

213 649 289 679 rae
318 647 499 690 quoque
523 630 685 680 XXIV.
706 631 1080 690 philosophorum
1114 634 1205 676 aeri
1242 631 1479 690 eleganter

214 700 375 746 incisae
399 699 513 745 sunt.
537 700 665 760 =—-*)
713 702 931 744 Graecum
961 708 1136 747 textum
1159 707 1207 745 et
1231 697 1482 744 versionem
1554 694 1577 727 '-
1623 719 1627 722 ⁴
1648 709 1654 743 ἱ

212 767 397 822 latinam
419 767 547 812 huius
572 768 786 812 editionis
809 770 928 827 typis
951 769 1098 825 repeti
1122 769 1245 820 fecit,
1277 774 1324 812 et
1346 766 1485 814 libro·

213 850 316 884 tum
339 837 622 893 capitumque
641 836 850 881 ordinem
867 834 1025 881 melius
1048 832 1266 888 dissecuit,
1301 842 1349 880 et
1369 833 1488 882 ind}-

218 916 293 952 ces·
313 904 480 947 adiecit
503 901 827 960 locupletiores
862 900 1223 945 Paullus-‘Daniel
1244 898 1484 960 Longolius‚

216 972 380 1025 Curiae
402 967 657 1029 Regnit.11.
680 979 793 1016 tom.
822 981 962 1029 1739.
1005 975 1050 1021 8.
1079 992 1147 1004 —-
1210 966 1488 1028 Longoliana

217 1038 383 1098 editio,
418 1034 579 1082 omiffis
600 1035 973 1095 philosophorum
999 1037 1218 1086 iconibuS,
1254 1050 1412 1096 graece
1439 1041 1488 1078 et

214 1104 290 1151 lat.
315 1106 432 1162 typis
455 1105 742 1149 nitidioribus
774 1106 969 1161 repetita
997 1104 1060 1148 est
1089 1102 1248 1165 Lipsiae
1279 1099 1487 1161 impensis

216 1172 287 1222 Io.
321 1169 443 1215 Pauli
476 1169 666 1223 Kmusii,
713 1169 986 1227 bibliopolae
1028 1167 1305 1227 Viennensis,
1345 1183 1488 1226 1759

222 1245 268 1300 3.
305 1262 364 1271 -—-
441 1236 664 1297 Diogenis
691 1234 865 1279 Laer'm‘
899 1238 988 1282 vita
1015 1235 1283 1295 Pyrrhonis,
1329 1250 1490 1296 graece
1562 1288 1574 1296 χ
1654 1231 1660 1275 2

222 1320 328 1352 cum
353 1300 537 1365 vulgata
553 1296 759 1349 versione
791 1302 1018 1363 castigata,
1068 1317 1170 1349 cum
1201 1305 1323 1350 Sexti
1346 1304 1492 1361 Empi-

218 1375 300 1420 rici
325 1373 441 1430 Opp
464 1370 594 1418 Paris.
620 1371 764 1416 1621
789 1369 866 1414 fol
893 1386 995 1448 pag
1017 1377 1159 1428 481.:
1479 1409 1485 1414 .

320 1438 542 1483 Praestans
564 1439 909 1483 commentarius
933 1440 979 1482 in
1006 1437 1106 1487 libr.
1126 1436 1177 1483 X.
1204 1435 1261 1481 de
1281 1437 1374 1482 vita
1393 1437 1501 1495 Epi·.

220 1507 320 1559 curi
342 1506 567 1552 habentur
591 1505 713 1555 Petri
735 1502 941 1550 Gaffendi
962 1504 1364 1551 animaduersiones
1378 1507 1424 1548 in
1436 1507 1492 1553 X.

222 1575 389 1621 librum
408 1574 628 1635 Diogenis
649 1575 834 1632 Laertii,
868 1574 946 1632 qui
981 1573 1043 1618 est
1066 1575 1124 1618 de
1144 1575 1257 1626 vita,
1291 1573 1491 1617 moribus

223 1641 488 1702 placitisque
510 1642 688 1699 Epicuri
718 1649 805 1685 etc.
831 1638 964 1686 Paris,-
1007 1640 1146 1700 1646.
1174 1641 1317 1700 Lugd.
1349 1639 1491 1698 1649.

224 1708 308 1756 fol.
330 1718 378 1754 et
398 1709 577 1766 saepius.
597 1733 658 1742 —
693 1702 871 1750 obertus
904 1704 1116 1765 Gifanius
1144 1722 1349 1766 magnam
1373 1709 1491 1751 vitae

222 1778 404 1836 Epicuri
434 1782 609 1834 partem
641 1791 686 1819 n.
719 1773 843 1832 epist.
882 1776 1060 1832 Epicuri
1089 1776 1142 1820 ad
1179 1776 1491 1830 Herodotum,

223 1844 361 1905 (quae
381 1851 534 1888 tamen
556 1843 693 1887 acutis
719 1843 979 1901 quibusdam
999 1845 1100 1888 viris
1126 1842 1316 1899 suspefflz
1329 1843 1493 1899 spuria·

230 1926 320 1970 que
350 1907 437 1956 effe
478 1911 689 1967 videtur‚)
719 1925 744 1954 e
779 1912 961 1954 Laertio
991 1925 1150 1971 graece
1185 1908 1413 1967 descripsit
1443 1916 1493 1954 et

227 1979 331 2026 suae
352 1980 548 2040 Lucretii
583 1978 788 2023 editioni.
824 1978 967 2038 Lugd.
999 1981 1089 2024 Bat⁴
1129 1978 1268 2035 1695.
1311 1983 1353 2029 8.
1389 1991 1492 2036 pag.

232 2058 326 2104 235
365 2039 424 2081 -’
459 2060 568 2104 251.
609 2046 812 2091 subiecit,
842 2070 901 2080 --
970 2047 1205 2091 Decimum
1236 2045 1398 2089 librum
1433 2046 1492 2088 de
1555 2064 1558 2065 ⁷

226 2116 422 2172 Epicuro
445 2114 677 2172 separatim
697 2115 757 2158 ita
778 2113 919 2159 edidit
944 2122 992 2158 et
1021 2113 1384 2158 adnotationibus
1409 2112 1504 2169 dog-⁴

230 2182 310 2226 <stis
340 2180 574 2227 illustrauit
617 2177 758 2226 Carol.
802 2176 1100 2242 Nurnberger,
1153 2188 1251 2226 tum
1287 2179 1505 2235 Venetiiss

232 2260 551 2303 commoratu5‚
581 2250 906 2308 Norimbergae
927 2263 1066 2306 1791.
1082 2255 1125 2301 8.
1149 2256 1198 2293 vt
1217 2250 1411 2306 primum
1423 2249 1490 2291 in,

227 2328 412 2378 regrum
434 2317 598 2362 librum
618 2319 672 2361 X.
701 2332 755 2361 ex
781 2318 886 2362 edit.
916 2316 1212 2362 lVleibomiana
1237 2331 1303 2376 gr.
1336 2323 1384 2360 et
1415 2313 1491 2360 lat.

229 2386 533 2430 recudendam
563 2393 760 2440 curaret,
812 2385 975 2430 deinde
1008 2400 1032 2430 a
1059 2398 1161 2445 pag
1197 2398 1273 2443 93.
1312 2383 1492 2442 Epicuri

1337 2449 1497 2509 episto-

282 2555 323 2604 ')
353 2561 412 2597 De
431 2559 510 2597 eius
530 2556 688 2596 audacia
700 2557 830 2595 critica
848 2555 1076 2608 conquestus
1098 2556 1153 2596 est
1173 2551 1320 2595 Dauies
1346 2557 1395 2595 ad
1413 2555 1491 2602 Cic·

338 2617 387 2657 de
405 2618 454 2657 N·
477 2619 522 2656 D.
545 2619 577 2656 1.
605 2615 668 2657 16.
695 2627 734 2667 p.
759 2621 828 2664 49.
