1727 3005
570 238 927 297 APOLLONIVS.
1281 261 1300 293 1
1314 261 1335 300 2
1349 259 1368 294 1

126 374 220 424 tica'
233 375 575 429 exercitatione,
608 374 805 421 Florent.
835 376 882 421 in
905 366 1090 419 aedibus*
1101 371 1212 420 Phil.
1224 374 1376 417 Iuntae
1404 368 1411 384 '¹

45 460 51 461 ’
134 459 150 490 1
166 459 188 503 5
203 459 220 489 1
235 459 271 503 5.
304 450 347 496 8.
373 445 566 501 denique
591 459 643 488 ex
670 444 770 487 cod,
797 458 820 486 a
833 443 1056 487 Francisco
1071 444 1207 487 Porto
1224 449 1270 486 et
1285 439 1380 501 Syi-

128 513 289 574 burgio
306 513 546 563 emendati,
568 510 770 568 suppleti,
792 519 839 555 et
851 511 1152 568 notationibus
1165 508 1290 561 audii,
1304 508 1380 550 ad-

129 581 232 625 ditis
260 595 284 624 e
303 577 442 623 Procli
457 577 801 622 Chrestomathia
818 578 1105 622 Grammatica
1128 574 1294 635 eleffis3,
1327 588 1381 618 ex

131 648 232 691 cod.
256 644 467 704 suppletis
495 656 627 702 atque
651 642 874 694 comediis,
895 660 994 689 cum
1018 645 1250 697 indicibus,
1269 657 1380 700 ope·
1427 677 1430 680 ι
1505 660 1509 677 ·

131 729 179 759 ra
216 712 335 756 Frid.
361 707 603 770 Sylhurgii,
650 726 808 772 graece
845 726 894 754 ac
932 709 1005 756 lat.
1032 714 1232 756 Francof.
1262 709 1377 767 apud

130 779 342 825 Wecheli
369 778 578 829 heredes⁹
624 778 692 824 Cl.
727 779 948 822 Marnium
989 791 1038 822 et
1066 780 1130 822 Io,
1163 779 1379 823 Aubrium

140 861 279 905 1590.
301 861 348 904 4.
372 845 416 902 *)
435 869 497 877 —
517 845 566 889 Is.
580 842 714 904 Vossli
735 847 948 902 Excerpta
969 861 1022 890 ex
1045 844 1272 901 Apollonii
1289 847 1382 903 Dy-

132 913 240 960 scoli
271 913 579 973 grammatica,
618 927 858 970 numquam
891 921 1020 956 antea
1045 912 1185 963 edita,
1220 912 1383 958 adiecit

132 979 169 1027 Ι.
189 975 335 1027 Fried.
358 980 554 1023 Reitzz'us
577 981 767 1025 editioni
790 980 888 1024 suae
913 979 1014 1025 libri
1028 980 1084 1023 de
1097 983 1279 1038 graecae
1304 977 1386 1022 lin·

134 1063 247 1108 guae
272 1047 479 1100 dialeffls‚
514 1063 537 1091 a
561 1047 693 1093 IVlich.
718 1047 956 1090 Maz‘ttaire
988 1048 1257 1098 concinnati,
1294 1047 1386 1091 Ha-

134 1131 217 1177 gae
240 1116 408 1161 Comit.
442 1122 580 1175 1738.
608 1124 647 1166 8.
670 1130 769 1175 pag.
793 1127 903 1172 421.
930 1115 1020 1173 sqq.
1045 1138 1111 1147 —
1154 1110 1220 1158 Ex
1241 1128 1387 1173 gram-

135 1184 291 1228 matica
324 1182 488 1226 inedita
520 1200 561 1228 v.
598 1180 708 1225 Koen
752 1183 805 1227 ad
831 1182 1024 1243 Gregor.
1058 1184 1164 1227 Cor.
1202 1181 1260 1224 de
1289 1179 1390 1227 dial.

136 1265 236 1361 Εἰς.
271 1249 375 1294 161.
397 1249 496 1296 add.
521 1245 722 1310 Villoison
746 1249 918 1312 proleg.
953 1251 1007 1296 ad
1031 1252 1219 1295 Homer.
1239 1264 1282 1307 p.
1314 1262 1391 1306 29.
1446 1250 1452 1253 “

203 1348 215 1361 .
237 1325 283 1361 et
303 1332 382 1376 43.

242 1381 452 1444 Apollonii
485 1383 689 1429 historiae
724 1383 943 1429 mirabiles
984 1400 1052 1444 gr.
1091 1391 1139 1429 et
1186 1382 1260 1428 lat.
1289 1397 1390 1428 cum

143 1449 347 1495 versione
373 1458 421 1495 et
452 1460 675 1497 annotatt.
698 1451 814 1496 Guil.
838 1450 1077 1509 Xylandri,
1122 1466 1224 1494 cum
1249 1452 1394 1494 Anto-

140 1519 237 1563 nini
256 1516 464 1563 Liberalis
486 1519 928 1564 transformationum
949 1519 1178 1577 congerie,
1211 1515 1396 1561 Basiieae

151 1588 292 1643 1568.
320 1590 363 1636 8.
382 1608 449 1616 —-
475 1592 571 1629 tum
596 1585 829 1633 recensuit,
862 1586 917 1628 de
941 1586 1124 1644 ingenio
1156 1585 1232 1629 suo
1271 1598 1401 1647 quae·
1492 1609 1501 1617 κ

145 1653 244 1696 dam
263 1651 479 1708 correxit,
515 1650 743 1710 syntagma
774 1651 832 1694 de
867 1652 960 1694 eius
989 1651 1182 1696 nominis
1216 1651 1399 1707 scripto-

146 1719 264 1763 ribus
288 1725 335 1762 et
359 1715 728 1762 commentarium
741 1717 913 1762 addidit
936 1720 1000 1762 10.
1017 1716 1241 1768 Meurfius,
1256 1717 1398 1775 Lug'd.

147 1788 193 1830 B.
218 1785 345 1842 apud.
373 1784 425 1831 Is.
450 1783 635 1829 Elzeuir.
687 1785 824 1830 1620.
853 1798 900 1841 4.
948 1809 964 1818 υ
1061 1783 1276 1844 Apollonii
1315 1783 1402 1839 Dy-

137 1848 273 1912 scoli‚
310 1850 592 1897 Alexandrini
609 1853 897 1911 grammatici,
932 1851 1153 1897 Historiae
1174 1866 1404 1895 commen-

149 1922 276 1965 titiae
302 1918 431 1975 liber,
463 1917 550 1965 siue
571 1919 774 1965 historiae
793 1921 1030 1972 mirabiles,
1063 1936 1130 1981 gr.
1155 1918 1286 1964 etlat.
1302 1933 1401 1963 cum

149 1988 269 2032 notis
313 1985 428 2031 Guil.
468 1986 681 2044 Xylandri
720 1996 768 2032 et
806 1989 872 2031 Io.
911 1986 1101 2042 Meursii,
1147 1988 1404 2032 emendauit

151 2052 335 2113 suasque
359 2062 488 2099 notas
510 2055 672 2102 adiecit
688 2051 793 2100 Lud.
808 2036 943 2101 Hgnr.
970 2051 1215 2102 Teucherus.
1239 2052 1404 2115 Lipsiae

163 2134 303 2180 1792.
328 2121 427 2165 Mai.
458 2123 501 2172 8⁴.

264 2190 400 2233 Hunc
444 2186 734 2246 Apollonium
774 2196 822 2233 et
858 2189 1167 2233 Herodianum
1204 2189 1413 2233 omnibus

159 2255 382 2313 prioribus
406 2256 708 2300 Grammaticis
730 2258 924 2300 antefert
948 2257 1181 2302 Priscianus
1203 2257 1247 2300 in
1270 2259 1408 2314 praef.

31 2326 33 2343 ¹
75 2345 84 2352 ·
158 2324 273 2369 Libr.
296 2325 327 2368 Ι.
353 2337 544 2380 eumque
566 2320 836 2382 potiffimum
864 2323 1070 2380 sequutus
1105 2322 1177 2367 est.

258 2388 303 2434 6.
337 2406 378 2435 V.
399 2385 589 2434 Fabricii
610 2393 654 2434 B.
682 2389 759 2434 Gr.
775 2389 885 2435 Libr
913 2393 964 2435 V.
980 2406 1072 2448 cap..
1088 2403 1131 2446 7.
1147 2406 1232 2451 pag
1269 2404 1306 2438 1.
1324 2391 1416 2448 sqq.

164 2453 267 2501 Vol.
279 2457 372 2505 VII.
384 2464 446 2511 et,
476 2474 586 2518 quos
609 2456 789 2503 laudant
815 2453 1140 2518 Hambergerin
1165 2462 1212 2503 Z.
1235 2461 1290 2503 N.
1313 2456 1420 2503 Vol.

810 2527 856 2569 H
1366 2526 1420 2572 II·

222 2608 258 2654 ⁴)
286 2607 403 2649 conf.
425 2604 585 2658 Ee9tag
605 2607 739 2658 adpar.
754 2605 871 2646 litter.
891 2540 970 2646 t50m
991 2610 1038 2648 11.
1059 2618 1144 2659 pag.
1175 2607 1268 2662 764.
1290 2607 1369 2659 sqq.
