1686 3025
384 257 586 306 AELIVS
610 255 833 314 MOERIS,
865 257 903 302 A
910 255 1098 302 TTICIS
1102 256 1185 306 TA.
1322 273 1347 304 2
1361 273 1377 305 1
1390 274 1413 321 3
1428 294 1432 297 .

159 383 476 431 mehrentheils
499 382 644 438 alten,
673 384 719 427 in
747 383 828 428 der
844 380 1187 428 Thomasischen
1201 380 1413 434 Biblioth.

158 454 480 499 vorhandenen
505 446 706 497 Biichern
721 487 734 508 ‚
777 458 888 499 tom.
921 463 957 494 1.
978 459 1091 509 part.
1113 453 1168 495 V.
1188 465 1286 510 pag.
1307 457 1406 507 448

159 522 252 579 sqq.
289 530 336 566 et
369 528 480 578 part.
513 521 588 567 VI.
628 535 725 580 pag.
753 520 863 577 536.
890 517 979 576 sqq.
1027 541 1072 551 -
1113 519 1258 563 Probe
1283 519 1410 563 einer

159 589 491 648 Vebersetzung
505 603 576 631 aus
590 587 665 631 des
689 588 843 631 Sextus
854 586 1099 643 Empiricus
1122 587 1197 630 III.
1214 583 1412 631 Bachern

157 672 248 700 von
264 657 352 700 den
375 654 684 700 Grundlehren
709 654 788 697 der
807 651 1165 713 Pyrrhonickers
1181 668 1272 697 von
1295 652 1417 696 Niet-

155 720 347 766 hammer
366 724 411 765 in
434 717 652 764 Fizlleborn
675 723 924 782 Beytr'eigen
947 736 1022 764 zur
1043 720 1304 767 Geschichte
1330 716 1416 766 der

156 789 465 847 Philosophie,
510 798 623 847 part.
658 791 713 832 ΙΙ.
748 804 814 834 nr.
853 801 897 833 2.
946 787 1171 832 Ziillichau
1206 802 1340 846 1792.
1368 793 1412 840 8.

157 857 258 901 coll.
280 857 459 902 censura
483 858 530 901 in
552 855 739 920 Allgem.
765 857 921 902 Litter.
957 857 1069 904 Zeit.
1092 870 1131 902 a.
1173 868 1315 914 1792.
1349 870 1415 901 m.

154 926 274 970 Nou.
302 939 368 967 nr.
398 938 506 981 30¹7.

141 989 146 994 ’
255 1004 301 1046 7,
337 986 655 1051 Dasputationes
684 986 1008 1051 antiscepticac‚
1063 1003 1246 1048 graece,
1310 1004 1413 1035 cum

152 1056 359 1107 versione
381 1056 514 1102 latina
534 1055 591 1100 Io.
614 1053 791 1100 Northiz'
806 1089 818 1111 ,
851 1059 897 1100 in
917 1052 1111 1100 Fabricii
1135 1060 1188 1101 ’Β.
1212 1059 1288 1102 Gr.
1308 1055 1415 1102 Vol.

153 1125 248 1171 XII.
284 1141 383 1185 pag.
419 1125 529 1181 617.
567 1125 657 1183 sqq.
688 1134 922 1183 perperam
967 1127 1227 1170 tribuuntur
1257 1124 1413 1169 nostro

153 1194 362 1251 sceptico.
402 1194 516 1240 adde
561 1188 764 1254 Villoison
796 1193 1028 1239 Anecdota
1059 1209 1128 1256 gr.
1159 1201 1271 1239 tom.
1291 1194 1346 1237 II.
1367 1207 1412 1252 p.

157 1265 267 1318 283·

702 1397 744 1449 §.
779 1394 809 1439 6
847 1427 861 1441 .

355 1450 553 1527 murs
588 1408 842 1540 MOERIS?
873 1477 1210 1529 ATT1CISTA.

257 1607 296 1637 1.
334 1594 423 1638 Sub
445 1590 581 1636 finem
602 1591 760 1637 saeculi
783 1595 834 1636 11.
858 1593 956 1650 post
976 1596 1028 1640 C.
1050 1597 1105 1639 N.
1128 1582 1290 1647 vixisse,
1325 1609 1412 1641 nee

148 1659 415 1719 Phrynichio
439 1658 583 1703 multo
608 1660 836 1703 recentior
858 1658 946 1704 effe
966 1662 1143 1707 videtur
1160 1661 1407 1707 Piersonio.

149 1725 326 1788 Scripsit
350 1724 549 1770 libellum
570 1727 626 1769 de
650 1727 833 1770 vocibus
859 1729 1032 1772 Atticis.

252 1808 294 1840 2.
330 1796 465 1838 Hunc
487 1793 628 1838 edidit
660 1794 825 1850 primus
857 1802 905 1838 et
935 1793 1165 1839 illustrauit
1195 1793 1253 1838 Io.
1287 1790 1410 1836 Hud-

135 1860 242 1924 Jon,
277 1862 478 1907 Oxoniae
508 1873 644 1916 1712.
665 1862 708 1915 *)
745 1861 967 1908 subiuneka
993 1862 1201 1921 Gregorii
1227 1863 1407 1906 Martini

149 1926 242 1976 diff.
266 1944 348 1986 pro
373 1944 475 1972 vera
495 1943 542 1972 ac
567 1929 708 1975 veteri
734 1944 915 1988 graecae
938 1929 1114 1989 linguae
1139 1931 1406 1986 pronuncia-

115 2055 118 2059 ,
145 2001 274 2045 tione
309 2004 466 2040 contra
498 1994 753 2053 Adolphurn
789 1995 1067 2041 Mekerkum.
1093 2020 1160 2029 —--
1228 1997 1409 2041 Hudso.

146 2058 327 2110 nianum
357 2061 608 2119 exemplum
641 2065 759 2122 typis
792 2066 943 2109 recudi
979 2066 1108 2117 fecit,
1138 2065 1290 2108 ἰυηᾶο
1325 2066 1404 2108 Ti-

147 2134 260 2181 maei
300 2131 458 2175 Lexico
501 2128 728 2174 Platonico
773 2146 798 2174 e
836 2130 1092 2176 recensione
1129 2130 1403 2184 Ruhnkenii,

148 2210 195 2245 et
220 2200 300 2243 suis
322 2197 480 2242 additis
507 2197 749 2243 obseruate.
769 2196 829 2241 Io.
843 2195 965 2243 frid.
988 2194 1222 2255 Fistherus,
1238 2197 1404 2256 Lipsiae

25 2250 27 2300 i
102 2259 117 2278 s
154 2266 295 2330 1756.
325 2270 370 2319 8'.
392 2291 451 2303 -υ-
518 2265 699 2327 Optima
721 2272 769 2310 et
788 2263 1121 2324 locupletissima
1152 2268 1291 2312 editio
1325 2264 1403 2322 est,

762 2333 802 2378 O
842 2347 864 2392 3
1275 2348 1407 2392 quam

200 2440 240 2488 ³⁵)
266 2443 372 2483 Vide·
393 2443 484 2484 Asta
517 2444 654 2482 erudit.
687 2443 790 2493 Lipfi.
822 2446 1004 2494 supplem.
1035 2454 1129 2484 tom.
1154 2450 1218 2485 VI.
1243 2445 1327 2484 sest·
1350 2448 1403 2484 11.

255 2512 346 2550 pag.
371 2510 422 2549 49
442 2501 539 2549 sq·A
552 2501 777 2548 Spanhemio
800 2503 847 2538 ad
867 2502 1158 2552 Aristophanem
1180 2504 1290 2551 saepe
1310 2514 1401 2551 pro·

256 2563 442 2593 uocatum
462 2556 514 2596 est
536 2558 583 2594 ad
606 2558 708 2594 hunc
730 2557 900 2595 libellum
930 2567 1090 2600 mstum:
1119 2567 1159 2602 at
1189 2559 1321 2600 austor
1350 2557 1397 2597 ab

259 2623 307 2652 eo
332 2608 522 2650 Eumoeris
544 2619 731 2665 perpetuo
752 2613 1036 2669 nominabatur.
