1727 3005
620 252 1011 300 PLVTARCHVS.
1380 263 1438 318 83

185 376 331 424 Vdalr.
355 377 538 424 Gallum.
565 381 652 427 An.
687 392 810 438 1470
837 377 980 424 lucem
998 374 1147 424 vidisse
1170 376 1303 433 illam,
1339 380 1437 436 do-⁴

189 457 264 492 cet
291 444 567 502 Audiffredm
590 449 635 490 in
657 447 860 505 catalogo
881 462 1050 491 roman.
1069 449 1194 493 editt.
1217 448 1434 496 saec.XV‘

185 529 286 574 pag,
313 528 370 573 37
397 513 455 572 sq.
483 517 556 559 vbi
588 530 768 572 quoque
800 513 1138 560 Schelhornium
1162 517 1210 560 in
1241 516 1431 564 Obseru.

184 582 369 638 septima
406 583 614 625 diatribae
649 580 892 638 praelimin.
932 583 985 625 ad
1018 584 1188 634 Quirini
1210 584 1336 640 opus
1373 584 1430 629 de

185 650 460 706 optimorum
491 649 689 705 scriptor.
717 649 845 692 editt.
889 652 1051 693 erroris
1093 652 1334 697 conuincit.
1375 675 1432 687 —-

184 717 300 762 Cum
323 716 476 759 eadem
497 716 706 771 Campani
734 713 913 771 epistola
935 715 1048 759 haud
1070 718 1130 761 ita
1156 717 1300 763 multo
1330 719 1429 776 post

184 785 382 835 eaedem,
406 781 616 838 (Venetiis
646 780 824 836 forsan.)
860 779 950 824 line
975 797 1014 828 a.
1036 781 1068 825 l.
1089 793 1137 828 et
1156 781 1430 845 typographi

181 846 291 893 nota
328 850 426 894 sunt
455 848 648 892 recusae:
699 862 829 905 quam
854 849 1103 893 editionem
1135 851 1186 894 cl
1218 851 1431 896 Seemiller

179 911 229 959 in
256 914 527 959 incunabulis
558 914 821 974 typograph
853 914 957 959 bibl.
993 915 1227 976 ingolstad.
1250 926 1365 964 ποίη.
1391 922 1426 964 Ι.

177 998 278 1042 pag.
308 996 393 1040 142
428 990 475 1027 et
505 983 648 1026 forsan
666 981 910 1027 Schelhorn
940 982 967 1030 l
990 998 1047 1029 m.
1065 983 1116 1030 cl
1140 984 1288 1044 Georg.
1310 985 1431 1029 Mat-

177 1046 327 1092 thaeus
349 1046 551 1093 Sclnizer
572 1052 618 1093 in
631 1049 854 1094 Kirchen-
870 1049 972 1094 Bibl.
995 1051 1427 1099 zuNeustadtander

177 1117 308 1162 Aisch
330 1115 487 1175 aliique
509 1133 591 1174 pro
624 1118 823 1174 principe
855 1116 1120 1163 habuerunt
1186 1122 1246 1165 At
1278 1121 1426 1166 diuet
1494 1177 1500 1182 Ι

177 1184 268 1228 sam
302 1181 386 1229 effe
419 1201 442 1228 a
467 1187 661 1229 Romana
696 1194 970 1230 monuerunt
993 1183 1057 1228 De
1086 1185 1198 1229 Bure
1229 1188 1277 1232 in
1302 1187 1430 1238 catal,

179 1251 283 1298 bibl.
318 1251 585 1297 Vallerianae
615 1261 725 1299 tom.
757 1254 831 1297 ΠΙ.
854 1270 900 1310 ρ.
929 1266 1038 1312 359,
1077 1255 1153 1311 qui
1191 1253 1308 1299 illam
1349 1255 1425 1302 ed.

177 1319 376 1363 Venetiis
405 1328 453 1364 et
477 1322 580 1366 circ.
601 1325 638 1366 a.
668 1332 786 1376 1471
812 1320 1098 1365 adserendam
1122 1321 1327 1377 coniicit5
1366 1321 1428 1370 cl.

177 1381 309 1446 Zapf.
325 1387 370 1429 in
381 1384 843 1445 Nlerkwiirdigkeiten
853 1388 932 1431 der
950 1387 1205 1445 Zapfischen
1219 1389 1433 1436 Bibliothi

180 1459 228 1498 et
241 1452 476 1511 Braunim²
510 1455 583 1510 qui
605 1453 808 1497 adcurate
820 1462 866 1498 et
888 1455 1066 1511 copiose
1078 1456 1427 1510 describitillam,

177 1521 226 1566 in
256 1520 416 1564 notitia
438 1545 450 1554 -
477 1521 533 1563 de
563 1519 684 1563 libris
704 1542 771 1553 -·
793 1522 841 1565 in
871 1520 977 1567 bibl·
1012 1522 1262 1567 monasterii
1295 1525 1348 1567 ad
1383 1526 1426 1570 S.

177 1585 325 1630 Vdalr.
351 1596 399 1630 et
424 1588 589 1631 Afrani.
614 1593 727 1633 tom.
759 1587 794 1630 J.
816 1602 914 1644 pag.
951 1600 967 1630 1
985 1600 1040 1631 10
1076 1589 1165 1647 sqq.
1212 1614 1254 1624 -
1310 1590 1427 1636 Plut.

176 1655 297 1696 vitae
314 1649 550 1714 parallelae
568 1667 591 1694 a
612 1649 791 1695 diuersis
821 1654 1143 1711 interpretibus
1175 1655 1336 1700 latinae
1368 1661 1429 1701 fa·-

176 1719 283 1765 stae.
349 1719 546 1764 Venetiis
573 1733 640 1775 ap.
665 1720 760 1764 Nic.
776 1719 948 1764 Ienson.
977 1728 1098 1778 1478
1125 1722 1254 1767 f01.v.
1272 1724 1428 1769 Pinelli

177 1786 298 1832 catal.
323 1785 426 1833 bibl.
449 1793 559 1832 tom.
578 1786 633 1832 ΙΙ.
656 1801 755 1845 pag.
775 1800 856 1843 47.
879 1802 949 1833 nr.
977 1789 1110 1844 2567
1135 1819 1191 1828 --
1225 1791 1429 1837 eaedem.

175 1856 342 1905 Venet<
359 1868 441 1911 per
466 1852 625 1899 Bartol.
651 1854 709 1897 de
728 1855 854 1899 Zanis
873 1855 928 1898 de
946 1853 1160 1900 Portefio.
1181 1870 1320 1915 1490.
1345 1857 1428 1904 fol.

176 1937 219 1966 v.
247 1922 396 1966 Denis.
413 1922 460 1965 in
492 1920 707 1979 supplem.
725 1936 850 1982 ‘pag0
886 1935 982 1980 294
1011 1942 1078 1956 -——
1144 1922 1287 1969 Aliam
1315 1927 1426 1973 edit.

175 1985 396 2034 Venetam
425 2004 464 2033 a.
498 2001 616 2045 1491
655 2003 737 2047 per
774 1985 841 2035 Io.
874 1988 1022 2050 Riger.
1058 1988 1112 2035 cl,
1142 1989 1363 2053 Lengnich
1378 1995 1426 2038 in

175 2057 457 2116 Beytr'agen,
501 2056 556 2103 ΙΙ.
590 2072 633 2113 p.
677 2068 769 2115 124
797 2057 1002 2109 citat-..fl—
1068 2055 1293 2101 Plutarchi
1321 2076 1427 2118 pro*

177 2122 398 2168 bleumata
417 2123 552 2167 latine
578 2123 750 2169 reddita
769 2140 792 2167 a
816 2124 875 2171 Io
897 2123 1022 2167 Petro
1055 2125 1242 2181 Lucens,
1270 2142 1322 2171 ex
1358 2143 1451 2184 re-l,

175 2192 439 2250 cognitione
464 2182 731 2252 Calphurnii,
763 2192 926 2250 absque
952 2190 1036 2235 vlla
1049 2201 1172 2247 nota,
1205 2193 1311 2238 saec.
1327 2195 1428 2243 XV

179 2257 430 2304 charactere
476 2272 688 2301 romano:
781 2259 882 2314 mna
914 2259 1197 2316 exemplaria,
1285 2276 1425 2319 eaque

115 2326 122 2334 ⁴
179 2324 365 2371 diuersa
391 2322 678 2369 exstiterunt'
667 2339 714 2369 m
730 2324 830 2369 bibl.
842 2323 1089 2378 Pinelliana,
1125 2328 1226 2370 vide
1239 2327 1427 2388 catalog.

179 2397 292 2435 tom.
317 2394 348 2438 I.
372 2407 470 2451 pag.
497 2390 593 2450 236
617 2386 677 2448 sq.
709 2392 773 2435 Ex
804 2395 1120 2452 epigrammate
1151 2395 1196 2436 in
1233 2393 1321 2439 fine
1351 2411 1425 2441 ex

181 2456 382 2514 emplaris
415 2459 666 2515 Vtriusque,
715 2460 834 2503 cuius
866 2460 1109 2517 inscriptio
1145 2458 1427 2522 Calphurnzut

180 2523 410 2581 Brixienss
431 2522 490 2569 ad
513 2524 780 2591 Donginicum
800 2523 1094 2590 Silz'prandum
1118 2526 1433 2584 Mantuanum,
1478 2536 1479 2539 ’

790 2596 822 2639 F
859 2606 887 2643 2
1350 2599 1426 2655 qui
