1686 3025
415 232 690 285 CLAVDIVS
717 235 1380 305 PTOLEMAEVS.1‘53
1432 295 1439 303 ,

122 365 344 412 lernaeum
370 366 515 411 citat’
496 385 536 414 εν
558 381 623 412 τω
643 361 740 428 περὶ
775 382 834 415 τε
864 355 954 413 τοὶς
982 358 1068 413 εἶπ’
1102 357 1386 415 ἕλοιττὲντων

125 427 150 489 ἢ
177 428 249 484 δύο
286 431 423 499 ὅςθων
457 418 804 493 ἐκβαλλομένας
834 432 1113 493 συμπίπτειν.
1183 423 1305 478 Inter
1335 433 1388 477 li-

127 505 230 547 bros
259 502 433 548 Claudii
457 499 700 546 Ptolemaei
723 499 893 544 nullum
920 508 1126 546 numerat
1151 502 1389 559 Fabricius,

127 571 180 614 ad
203 585 337 628 quem
362 564 448 613 boc
469 569 698 625 pertinere
728 565 858 624 poffit
861 604 871 614 .
943 569 1131 613 Videtur
1159 576 1309 613 tamen
1332 570 1387 612 ab

127 637 382 682 astronomo
397 638 591 693 scriptus.
648 635 748 678 Sine
763 635 900 678 dubio
919 638 1039 680 enim
1055 635 1231 687 Procius
1255 635 1388 681 alium

125 704 446 757 Ptolemaeum,
481 703 557 761 qui
581 701 732 746 audior
753 699 856 746 libri
878 698 1019 757 effen
1045 720 1068 748 a
1093 702 1386 749 celeberrimo
1440 707 1447 716 ‘

127 768 428 819 distinxiffet.“
708 812 711 813 γ

226 866 285 874 --
305 832 492 890 Arabia,
532 850 690 896 graece
723 842 771 881 et
803 833 938 881 latine
955 867 967 889 ‚
1002 852 1088 894 ope
1110 838 1273 882 codicis
1298 840 1387 886 MS.

125 903 393 951 veeustiffimi
415 905 649 948 emendata
669 919 692 947 a
726 905 793 949 10.
823 904 1010 948 Grauio:
1045 927 1111 937 -·-
1160 915 1294 962 atque
1322 915 1390 950 ta-

110 972 228 1017 'bula
245 972 539 1033 longitudinis
575 980 622 1016 et
655 969 899 1017 latitudinis
929 973 1102 1015 vrbium
1135 970 1389 1031 insignium,

126 1056 194 1100 gr.
221 1048 268 1085 et
286 1039 360 1086 lat
381 1054 480 1084 cum
501 1045 595 1083 vari
621 1037 905 1093 leffionibu5‚
935 1040 982 1084 in
1010 1038 1045 1084 I.
1076 1034 1273 1100 Husfini
1303 1041 1388 1085 Ge-

129 1123 229 1168 ogr.
257 1122 323 1170 gr.
354 1109 505 1152 Tomo
532 1107 606 1151 III.

119 1187 123 1190 ·
160 1195 163 1199 <
218 1175 416 1257 Magnae
449 1169 767 1233 construcfi‘ionis
787 1169 830 1228 ’ἢ
863 1196 928 1207 --
960 1168 1057 1219 libr.
1090 1176 1206 1220 XIII.
1239 1173 1391 1220 Theo·
1412 1175 1421 1184 ‘

129 1243 230 1286 nis
218 1241 285 1297 3*)
331 1241 633 1294 Alexandrini,
670 1241 771 1299 (qui
804 1241 879 1285 sub
909 1239 1165 1285 Theodosio
1202 1243 1390 1297 seniore,

128 1311 429 1369 imperatore,
462 1310 585 1361 vixit,
613 1325 653 1352 v.
683 1310 795 1353 infra
814 1309 912 1355 sest.
939 1311 1008 1354 IV.
1036 1305 1075 1367 ᾗ.
1105 1308 1204 1367 24.)
1229 1311 1390 1354 ineos-

129 1378 235 1421 dem
263 1377 688 1421 commentariorum
716 1374 817 1421 libr.
848 1378 921 1421 XI.
961 1391 1150 1436 graece,
1205 1375 1390 1421 Bafiieae

130 1445 245 1502 apud
268 1445 331 1487 10.
352 1442 548 1487 Waider.
592 1450 733 1501 1538.
767 1441 844 1488 fol.
910 1442 1216 1489 Ptolemaeum
1238 1446 1390 1488 Simon

131 1514 375 1571 Grynaeus,
411 1518 458 1555 et
477 1509 715 1554 Theonem
728 1509 935 1556 Ioachim.
951 1510 1224 1555 Camerarius
1236 1509 1388 1556 edide-

131 1588 251 1624 runt.
279 1579 399 1621 conf.
424 1576 558 1618 Denis
582 1576 856 1620 memorabil.
885 1576 987 1620 bibl.
1005 1576 1276 1623 Garellianae
1289 1594 1390 1639 pag.

133 1660 223 1704 595
252 1645 314 1702 sq.
338 1643 642 1701 Baumgarten.
679 1639 934 1686 Na‘chricht.
968 1658 1059 1686 von
1092 1644 1279 1690 merkw.
1310 1649 1391 1690 Bu-

129 1712 266 1757 chern
303 1719 402 1755 tom
432 1711 486 1753 X
518 1723 563 1766 p.
599 1719 700 1767 307
733 1708 822 1766 sqq.
851 1732 919 1741 —
985 1712 1165 1754 Librum
1197 1714 1391 1768 primum

127 1775 355 1843 Almagesti
376 1777 466 1836 ***)
504 1791 662 1839 graece
685 1791 785 1821 cum
809 1776 891 1821 suis
917 1780 1247 1824 commentariis
1271 1780 1390 1837 sepa-

733 1846 771 1890 K
804 1857 828 1905 ς
1156 1852 1159 1855 ’
1259 1848 1390 1893 ratim

184 1981 223 2028 ³)
254 1979 425 2020 Latinam
461 1972 665 2029 Almagesti
703 1976 905 2026 epitomem
942 1978 1115 2018 confecit
1146 1985 1185 2016 et
1223 1979 1391 2028 primum

155 2050 158 2053 ⁴
241 2037 372 2075 edidit.
431 2031 482 2069 Io.
532 2031 864 2083 Regiomontanm‚
922 2048 955 2073 a.
985 2037 1103 2085 1496.
1139 2048 1174 2074 v·
1209 2036 1395 2074 Kaestner,

241 2092 414 2141 Anfangs
435 2111 450 2118 -
474 2090 632 2128 Griinde
668 2092 734 2127 der
762 2091 1006 2129 Astronemie
1053 2099 1147 2136 315.
1176 2109 1230 2119 --
1277 2091 1392 2130 Liber

241 2146 560 2197 quadripartitum
596 2147 808 2183 Ptolomaei
837 2165 892 2177 ·-
924 2160 1008 2184 cum
1040 2154 1242 2185 comment.
1271 2150 1390 2186 Haus-

238 2208 373 2243 Vener
382 2214 451 2250 per
467 2201 552 2240 Erh.
563 2203 850 2253 Ratdolt1484
866 2214 902 2248 4-
918 2216 954 2242 V·
965 2203 1346 2242 Seemillerincunab.
1355 2226 1392 2232 --

238 2259 329 2299 bibl.
376 2258 582 2307 lngolstad
606 2266 697 2294 tom.
724 2260 791 2294 ΙΙΙ
813 2272 849 2306 p.
872 2266 912 2307 7.
935 2267 972 2295 et
991 2259 1096 2295 estin
1117 2257 1205 2296 bibl.
1233 2262 1392 2309 Erlang.

186 2314 244 2361 ⁴⁹⁵)
275 2316 361 2354 vide
382 2317 470 2351 cod.
496 2316 631 2351 Vener
658 2314 694 2350 d
720 2315 923 2358 Ma1ci‚in
946 2318 1122 2365 catalogo
1139 2322 1209 2355 etc
1230 2327 1268 2367 Ρ.
1296 2323 1389 2364 150.

239 2379 277 2408 et
298 2383 393 2419 quae
418 2369 470 2408 ibi
490 2376 664 2417 exceipta
687 2369 784 2406 sunt.

159 2431 163 2434 “
186 2424 245 2447 ¹¹⁶*
249 2430 264 2471 )
291 2430 442 2465 Nomen
463 2427 538 2462 hoc
563 2425 710 2463 constat
731 2424 882 2464 arabico
908 2422 948 2461 a!
981 2433 1018 2463 et
1037 2436 1176 2475 graeco
1198 2424 1388 2465 vocabulo

243 2476 327 2526 μέγα
318 2494 367 2517 ao:
355 2495 396 2518 ος.
423 2480 535 2521 Liber
561 2494 598 2518 n.
624 2481 684 2518 hic
710 2480 861 2518 titulum
883 2482 981 2531 gerit
1006 2492 1160 2530 magnae
1190 2481 1215 2518 i.
1250 2493 1283 2517 e.
1311 2492 1391 2516 mn-

241 2535 365 2573 ximae
394 2533 611 2586 syntaxeos:
650 2539 753 2585 quod
777 2538 886 2574 etiam
920 2537 1138 2578 Obseruauit
1159 2532 1391 2574 Gatackerus

242 2594 402 2634 Aduers.
423 2593 518 2642 post.
547 2605 628 2643 cap.
653 2601 717 2642 35.
740 2605 825 2645 pag.
850 2596 946 2644 788.

829 2658 831 2675 Ι
