1686 3025
283 288 310 318 2
321 288 383 334 74
771 275 878 320 PLO
889 270 1073 320 TJNVS.

216 453 219 455 ι
286 398 532 445 heredibus
563 398 603 442 ei
624 392 857 442 neceffaria
881 392 1284 456 suppeditabantur.
1353 400 1553 443 Mortem

287 483 427 524 quum
457 468 644 510 sentiret
678 465 1146 522 adpropinquantem,
1182 466 1240 509 ad
1270 465 1553 509 Eustochium

285 536 424 579 dixit:
463 532 713 590 „Equidem
731 534 815 575 iarn
840 533 1049 586 adnitor,
1090 534 1211 592 quod
1248 534 1292 576 in
1330 534 1458 576 nobis
1491 534 1555 579 di·

285 603 440 645 uinum
465 598 537 650 est,
572 600 627 643 ad
651 600 853 643 diuinum
882 599 1050 657 ipsum,
1086 600 1208 658 quod
1237 602 1362 659 viget
1384 602 1430 642 in
1457 602 1554 642 vni-

285 668 436 720 uerso,
470 668 758 726 adiungere,“
791 666 948 724 hisque
982 667 1115 711 distis*
1150 668 1338 710 animam
1369 664 1567 711 efflauit„

288 736 418 780 Inter
444 734 679 791 discipulos
715 732 1021 791 adse-dasque,
1057 749 1167 791 quos
1200 733 1364 778 multos
1384 731 1553 786 habuit,

287 803 365 860 qui
388 801 579 862 magistri
602 801 665 847 sui
688 800 846 859 placita
882 810 928 845 et
962 799 1116 845 deliria
1150 817 1232 858 per
1268 808 1417 846 totum
1458 804 1552 844 scre

285 872 706 922 orbem‚romanum
731 864 1092 921 disseminarunt,
1136 868 1325 912 eminuit
1352 866 1554 928 Porphy-

286 938 395 996 rius,
429 938 505 994 qui
530 934 698 981 Plotini
722 938 855 980 vitam
878 936 1099 992 exposuit,
1135 938 1226 979 eius
1240 949 1377 993 opera
1398 949 1554 978 recen-

285 1003 374 1048 suit
416 1012 551 1060 atque
584 1004 632 1047 in
664 1003 736 1047 sex
760 1003 996 1046 Enneades
1035 1001 1268 1049 distribuit.
1346 999 1550 1045 Plotinus

288 1071 434 1123 enim,
479 1084 618 1128 quum
637 1068 802 1114 nullam
825 1070 1020 1122 ordinis,
1067 1067 1344 1128 elegantiae,
1384 1068 1551 1125 perspi-

285 1138 462 1183 enitatis
487 1144 621 1194 atque
656 1136 861 1181 difflonis
893 1138 1115 1180 rationem
1145 1137 1330 1179 haberet
1368 1135 1415 1178 in
1447 1149 1554 1178 con-

284 1205 528 1249 scribendis
553 1203 692 1256 libris,
723 1202 806 1246 hos
832 1217 962 1245 curae
986 1210 1119 1258 atque
1154 1201 1416 1259 diligentiae
1439 1204 1549 1244 Por-

283 1271 433 1329 phyrii
458 1268 703 1326 commisit,
739 1270 903 1327 quiea,
949 1283 1061 1326 quae
1098 1266 1298 1312 Plotinus
1324 1281 1553 1310 commen-

285 1346 406 1383 tatus
429 1336 516 1391 est,
551 1338 599 1381 in
621 1337 829 1380 ordinem
856 1336 1058 1395 redegit,
1091 1333 1308 1392 expoliuit
1333 1333 1554 1393 et-sorsan

285 1405 372 1449 suis
392 1406 680 1462 opinionibus
705 1402 1013 1461 locupletauit.

395 1485 439 1532 3.
467 1472 614 1528 Opera
648 1469 813 1515 Plotini
857 1473 1051 1528 primum
1091 1485 1144 1514 ex
1175 1470 1552 1529 interpretatione

284 1537 478 1596 Marst'lii
496 1539 659 1596 Fz‘cz‘ni,
696 1553 796 1582 cum
824 1537 952 1581 huius
977 1539 1251 1599 argumentis
1266 1544 1314 1582 et
1325 1551 1554 1581 commen·

285 1609 409 1653 tariis
436 1607 706 1664 prodierunt
732 1605 986 1650 Florentiae
1013 1617 1155 1664 1492.
1176 1608 1221 1657 *)
1254 1620 1344 1649 rec.
1368 1600 1553 1664 Salignig·

283 1675 352 1720 aci
379 1687 519 1731 1540.
557 1683 604 1718 et
628 1670 811 1717 Ba'sdeae
842 1685 857 1714 1
873 1686 984 1730 559.
1005 1696 1071 1708 ⁴——
1101 1674 1241 1717 Vnica
1263 1686 1370 1716 vero
1393 1686 1551 1730 graeca

283 1740 454 1801 prostat
474 1741 644 1785 editi-o:
682 1738 850 1782 Plotini
874 1751 1041 1799 operum
1058 1734 1443 1801 philosophicorum
1467 1751 1553 1779 om-

282 1811 407 1853 nium
431 1803 538 1849 libri
559 1805 673 1851 LIV.
699 1808 749 1849 in
771 1806 844 1850 sex
862 1807 1084 1850 enneades
1112 1805 1332 1851 distributi
1357 1819 1411 1849 ex
1437 1805 1551 1849 anti-

286 1871 591 1934 quiffimorum
625 1877 862 1930 (quatuor)
899 1874 1104 1917 codicum
1119 1871 1205 1917 fide
1225 1888 1344 1916 nunc
1357 1873 1549 1930 primum

283 1957 444 2003 graece
465 1941 598 1994 editi,
632 1955 731 1984 cum
763 1939 896 1984 latina
922 1939 1098 1984 Marfilii
1120 1941 1256 1990 Ficini
1282 1941 1550 1996 interpreta—

285 2011 494 2055 tioneet
521 2009 916 2053 commentatione.
987 2005 1196 2060 Basileae,
1247 2006 1302 2050 ad
1334 2009 1549 2051 Perneam

284 2075 537 2133 Lecythum
570 2081 710 2129 1580.
745 2073 823 2120 fol.
892 2073 1130 2120 Nonnullis
1165 2073 1373 2132 exemplis
1396 2071 1549 2118 Basile-

286 2142 398 2189 enfis
425 2144 637 2189 editionis
661 2157 833 2187 nouum
857 2140 1037 2188 titulum
1059 2140 1302 2200 praefixum
1320 2142 1546 2199 praeferre

1382 2222 1548 2254 annum

338 2353 381 2409 *)
403 2357 518 2397 Cons.
556 2351 658 2406 Corsi
682 2365 927 2397 commentar.
964 2356 1012 2394 de
1048 2355 1202 2395 Marfilii
1232 2354 1349 2394 Ficini
1371 2355 1468 2401 vita,
1499 2356 1545 2396 ab

396 2417 495 2464 Aug.
519 2418 617 2452 Mur-
639 2415 828 2451 Bandinio
849 2415 1003 2458 editum,
1032 2409 1121 2450 Pifis
1151 2419 1271 2461 1771-
1308 2418 1342 2454 8.
1367 2425 1453 2461 pag.
1476 2423 1545 2457 40.

394 2472 448 2518 sq.
507 2466 626 2504 Ficini
647 2478 883 2520 argumenta,
927 2467 1197 2506 commentaria
1220 2475 1257 2504 et
1280 2470 1542 2513 adnotatione,

397 2526 475 2563 sine
506 2525 680 2562 vex-(ione
711 2526 878 2570 Plotini,
934 2524 1077 2561 exstant:
1112 2535 1269 2572 quoque
1294 2524 1334 2562 in
1376 2523 1546 2562 editione

394 2577 515 2618 Ficini
536 2584 715 2629 Operum,
745 2580 853 2617 Baiil.
876 2579 993 2624 1561.
1023 2579 1094 2616 sol.
1117 2583 1194 2616 vol.
1220 2583 1266 2620 ΙΙ.
1294 2591 1354 2622 ur.
1390 2586 1428 2630 3.
1455 2589 1544 2631 pag.

396 2640 505 2687 1537
517 2637 598 2688 sqq·
625 2647 664 2675 v.
685 2635 791 2676 Corsi
812 2636 926 2674 vitam
957 2643 1028 2674 etc.
1050 2648 1091 2686 p.
1109 2633 1179 2687 76.
