1686 3025
256 273 353 322 540
418 257 859 305 CONSTANTINVS
891 257 1372 307 HARMENOPVLVS.

247 399 354 437 um,
390 386 467 443 qui
501 383 591 429 vol.
613 385 689 430 Vt
713 392 957 430 comment.
978 386 1035 431 de
1058 384 1164 431 bibl.
1184 385 1399 431 Vindob.'
1401 398 1504 447 pag.

245 460 324 510 87.
346 452 440 512 sqq
470 454 580 498 edit
601 450 809 506 Kollarii‚
840 454 981 507 (cuius
1006 462 1161 498 notam
1175 469 1275 515 pag.
1306 461 1382 513 89.
1395 470 1505 500 con-

244 514 388 574 feres,
404 519 424 577 )
459 536 512 564 ex
542 518 713 581 insigni
735 516 971 575 Philotkei,
1006 521 1278 580 patriarchae
1300 521 1502 568 CPolita-

245 589 312 640 ni,
345 587 600 633 testimonio
624 588 680 632 de
703 596 848 634 aetate
881 586 1012 646 Const.
1049 587 1361 652 Harmenopuli
1380 589 1502 637 testi-

241 657 403 700 monio
444 658 634 701 vberius·
665 656 850 713 docuit,
892 654 1018 701 illum
1056 653 1143 702 effe
1175 655 1332 702 saeculi
1362 647 1500 704 XIIII.

240 721 542 781 scriptorem,
600 722 803 783 plerique
836 725 928 771 eius
959 734 1150 770 aetatem
1186 725 1240 770 ad
1275 723 1497 771 saeculum

234 791 340 837 ,ΧΠ
373 790 636 837 retulerant
674 807 715 836 v.
746 793 855 838 Car
888 789 1012 838 Frid.
1024 773 1264 854 Zepernick
1284 794 1338 837 ad
1365 794 1497 852 Casp.

239 858 418 903 Achatii
449 858 600 904 Beckii
621 858 720 905 libr
747 860 803 904 de
831 859 1020 906 nouellis
1047 858 1214 905 Leonis
1239 859 1423 922 Augusti
1447 868 1496 907 et

236 914 496 989 philosophi
529 936 615 973 etc.
708 926 849 972 Halae
887 939 1027 987 1779.
1062 934 1103 980 8
1139 945 1241 989 pag.
1284 942 1361 975 22
1393 928 1492 987 sqq.

234 996 310 1038 vbi
338 996 556 1052 quaedam
581 995 638 1039 de
667 995 1010 1053 Harmenopulo
1032 996 1321 1042 adnotantur.
1381 1003 1386 1011 ‘

338 1075 382 1105 2.
420 1063 535 1108 Itius
578 1072 626 1109 et
660 1059 925 1108 Anteceffor
968 1061 1492 1121 Constantinopolitanus

232 1128 580 1185 celeberrimus,
619 1130 876 1185 artibusque
909 1128 1161 1174 liberalibus
1196 1133 1342 1187 probe
1376 1130 1494 1175 insti-

231 1191 383 1247 tutus:
417 1198 522 1240 iuris
550 1197 775 1240 scientiam
798 1196 953 1240 didicit
971 1198 1024 1240 ab
1039 1197 1247 1241 Simeone
1267 1196 1493 1252 Attaliata‚

231 1261 432 1323 linguam
466 1273 618 1308 autem
647 1263 829 1316 latinam
855 1265 908 1307 ab
931 1261 1133 1321 Aspasio:
1168 1262 1391 1310 tricesimo
1416 1280 1490 1310 ae-

229 1332 334 1376 tatis
357 1347 475 1375 anno
493 1332 627 1376 iudex
655 1330 809 1372 Dromi
820 1330 854 1383 ‚³
870 1332 993 1389 quod
1016 1325 1267 1390 supremum
1291 1332 1489 1378 ciuilium

229 1397 491 1444 dicastarum
523 1401 606 1444 fuit
635 1398 854 1451 tribunal,
893 1408 1065 1446 creatus
1109 1398 1171 1444 est
1200 1408 1249 1445 et
1279 1400 1486 1459 princeps

226 1467 513 1524 imperatoris
558 1467 737 1511 Ioannis
784 1465 1081 1513 Cantacuzeni
1135 1465 1487 1513 consiliariorum

223 1533 395 1579 summa
432 1533 521 1580 fide
552 1544 688 1593 atque
720 1533 931 1579 industria
965 1531 1148 1593 effecit,
1181 1543 1256 1589 vt,
1298 1545 1483 1582 remoto

224 1602 568 1656 Cantacuzeno‚
609 1604 747 1647 etiam
781 1603 937 1647 Ioanni
969 1603 1022 1646 V.
1055 1602 1324 1666 Palaeologo
1358 1618 1484 1649 carus

223 1666 347 1716 effet.
390 1670 524 1715 Anno
547 1671 743 1729 denique
764 1673 919 1717 aetatis
946 1669 1278 1733 quadragesimo
1305 1667 1485 1718 Thessa-

221 1735 398 1782 lonicae
430 1739 602 1785 summo
631 1752 731 1784 cum
763 1737 1115 1797 Nomophylacis
1140 1740 1332 1796 imperio
1355 1754 1484 1796 prae-

224 1805 364 1849 fe&us
397 1804 484 1852 est:
523 1807 570 1850 in
605 1820 696 1862 quo
732 1819 919 1852 munere
944 1820 1026 1863 per
1049 1807 1195 1851 otium
1215 1807 1283 1850 ius
1304 1803 1482 1850 ecclesi-

223 1867 403 1921 asticum
434 1889 484 1917 ea
508 1871 596 1917 fide
619 1881 666 1916 et
689 1871 922 1930 diligentia
945 1872 1174 1930 vaesanit,
1207 1882 1256 1918 vt
1281 1874 1329 1917 in
1351 1881 1481 1918 vtro·

224 1957 314 1998 que
350 1941 447 1984 iure
479 1941 713 1985 maximam
734 1939 1045 1984 auotoritatem
1064 1950 1112 1986 et
1138 1942 1386 1999 principem
1414 1939 1481 1985 lo-

218 2023 320 2053 cum
340 2010 605 2057 obtineret·
675 2010 769 2052 Nec
796 2022 1002 2067 vmquam
1035 2006 1166 2054 sensit
1189 2011 1396 2056 fortunae
1416 2010 1481 2055 vi·
1540 2023 1545 2027 ’

219 2091 292 2121 ces
315 2091 363 2120 ac
385 2076 727 2143 malignitatem.

324 2159 364 2204 3,
387 2138 682 2190 Nlonumenta
706 2144 909 2203 ingenii,
947 2144 1214 2209 eruditionis
1236 2151 1371 2202 atque
1395 2144 1478 2189 do-

216 2212 410 2266 &rinaffi
447 2228 559 2270 quae
581 2211 684 2256 sunt
703 2211 847 2267 edita,
883 2225 984 2254 cum
1008 2211 1286 2290 theologici,
1309 2221 1406 2257 tum
1425 2213 1473 2255 in

133 2331 144 2343 ι
211 2282 365 2343 primis
389 2281 562 2327 iuridici
585 2280 854 2338 argumenti,
888 2294 942 2325 ea
967 2280 1096 2327 sunt:
1138 2281 1184 2333 1)
1200 2275 1476 2343 ἓξοὶβιβλος,

215 2346 306 2392 fiue
341 2339 491 2413 πςᾶχ
476 2366 578 2413 ιςον
618 2339 777 2405 νέμων,
823 2348 1144 2407 promtuarium
1172 2349 1285 2393 turis
1313 2346 1473 2402 ciuilis,

215 2417 263 2461 in
287 2415 358 2460 sex
378 2414 552 2471 libros,
590 2413 748 2461 titulos
773 2415 983 2461 LXXXII.
1007 2415 1224 2473 diuisum,
1250 2417 1373 2461 cuius
1397 2429 1475 2460 oc-

213 2481 470 2530 cafionem
459 2498 505 2527 m
525 2477 794 2548 προθεωρίορ,
829 2496 852 2524 a
878 2483 910 2524 F
913 2482 1006 2528 abr.
1031 2485 1078 2527 in
1102 2485 1148 2527 B.
1171 2485 1248 2531 Gr.
1273 2481 1363 2528 vol.
1375 2484 1472 2528 X11.

213 2566 320 2617 pag.
361 2562 478 2611 429.
524 2551 591 2611 sq.
627 2557 860 2608 excerpta,
903 2550 966 2596 ita
998 2551 1198 2609 aperuit,
1241 2559 1291 2601 vt
1319 2548 1474 2627 Bastlii

1365 2635 1471 2683 πςο-
