1727 3005
272 238 346 286 ,μ
624 223 864 273 FLAVIVS
890 219 1184 273 IoSEPHVS.

271 349 423 399 XLIII.
435 351 622 396 Romam
633 353 771 402 venit,
785 358 832 395 et
841 364 923 407 per
933 349 1119 393 mimum
1133 350 1367 407 quemdam
1380 348 1536 394 Iudae·

270 413 350 463 iarn
359 421 578 477 Poppeae,
592 419 784 465 Neronis
798 417 957 469 vxoris,
994 419 1192 461 fauorem
1205 420 1382 477 eiusque
1395 432 1537 475 opera

269 485 525 533 libertatern
551 485 845 544 quorumdam
867 493 1191 545 cognatorum,
1229 501 1340 544 quos
1369 489 1537 529 Procu-

269 563 397 599 rator
423 553 542 598 Felix
563 554 762 610 captiuos
792 553 972 598 miserat
999 556 1213 606 Romam,
1258 554 1536 610 impetrauit.

268 622 470 666 Domum
503 630 736 665 reuertens
779 622 965 679 patriam
1004 619 1202 666 tumultu
1237 621 1535 678 caedibusque

267 690 474 734 miseram
496 687 820 746 laceratamque
842 691 1035 749 reperit,
1069 696 1116 734 et
1139 688 1471 733 hortationibus
1483 700 1535 732 ac

266 754 619 814 persuasionibus
649 755 800 800 frustra
824 754 1035 814 quaefiuit
1057 771 1159 800 cum
1174 759 1313 800 Roma
1332 756 1534 799 reconci-

263 822 391 868 liare.
462 827 580 868 Tum
594 839 710 868 anno
724 825 878 869 aetatis
908 822 1147 877 tricesimo,
1184 822 1343 869 Christi
1356 821 1534 870 LXVH.

266 899 371 935 cum'
392 891 612 949 potestate
640 893 687 936 in
709 891 946 936 Galilaeam
969 888 1114 935 missus
1129 926 1145 950 ‚
1162 895 1226 936 'vt
1244 893 1377 935 rebus
1389 891 1531 935 turbi-

207 991 211 996 ,
263 959 335 1004 dis
355 959 655 1017 prospiceret,
688 959 826 1005 multa
849 961 1096 1018 prudenter
1112 989 1125 1012 ,
1157 959 1346 1016 prouide
1369 967 1418 1003 et
1442 960 1534 1002 for·

263 1027 378 1071 titer
396 1024 538 1086 gessit.
607 1030 669 1073 At
701 1030 898 1085 lotapata
931 1028 1094 1072 eodem
1117 1041 1236 1070 anno
1265 1041 1288 1069 a
1313 1023 1533 1082 Vespasia-

265 1108 331 1137 no
357 1097 523 1152 capita,
551 1096 675 1139 viuus
695 1098 820 1140 venit
841 1098 888 1139 in
909 1096 1088 1139 vidroris
1119 1092 1408 1151 potestatem:
1446 1106 1532 1150 qua

264 1167 418 1211 tamen
439 1161 597 1206 callido
624 1164 880 1224 praesagio„
915 1160 1225 1219 Vespasianum
1249 1161 1432 1218 eiusque
1447 1157 1533 1202 fili-

263 1242 366 1279 um,
397 1232 580 1289 Titum,
611 1230 1159 1290 dignitatemetsummam
1182 1228 1356 1285 imperii
1375 1229 1533 1270 Roma-

260 1297 312 1339 ni
333 1296 689 1355 consequuturos
712 1293 825 1351 effe,
857 1313 995 1355 quum
1019 1298 1200 1340 biennio
1221 1293 1317 1351 post
1337 1302 1531 1337 euentus

259 1365 518 1408 vaticinium
540 1363 585 1421 *)
630 1361 986 1422 comprobasset,
1034 1363 1199 1407 catenis
1237 1361 1376 1404 securi
1401 1374 1529 1404 more

260 1431 482 1477 consueto
506 1427 765 1487 confraffls,
801 1429 1015 1474 liberatus
1044 1429 1129 1473 est:
1181 1435 1316 1485 atque
1337 1442 1360 1471 a
1377 1436 1530 1484 patro·

256 1511 323 1540 no
349 1504 396 1542 et
419 1493 733 1542 manumissore
758 1497 835 1541 suo
862 1502 1141 1554 praenomen
1172 1494 1320 1538 Flauii
1343 1496 1530 1552 accepit.

254 1563 414 1608 Postea
436 1566 561 1617 Tite,
596 1566 668 1608 cui
688 1565 906 1608 iucundus
920 1571 1031 1616 erat,
1059 1564 1200 1607 adfuit
1213 1577 1247 1605 a.
1261 1562 1370 1608 Chr.
1394 1561 1528 1609 LXX.

256 1631 307 1676 in
334 1628 567 1675 obsidione
588 1629 961 1687 Hierosolymae‚
992 1631 1065 1673 vbi
1091 1627 1258 1690 singula
1282 1627 1526 1688 diligenter

255 1698 517 1742 adnotauit:
558 1713 668 1755 quae
691 1700 860 1742 Rornae
881 1698 1026 1742 otium
1047 1696 1212 1755 molus,
1241 1703 1384 1754 ,atque
1400 1699 1525 1741 fauo·
1572 1722 1575 1723 ν

256 1780 309 1808 re
331 1766 468 1809 trium
493 1765 839 1822 imperatorum,
867 1763 1136 1822 Vespasiani,
1171 1765 1267 1808 Titi
1282 1771 1338 1823 ‘et
1367 1765 1525 1808 Domi-

255 1833 394 1891 tiani,
427 1833 707 1891 ringentibus
728 1831 836 1877 licet
863 1832 1025 1877 inuidis
1061 1831 1388 1877 adcusatoribus
1418 1847 1524 1889 per-

1377 1907 1521 1958 petuo

309 2022 352 2070 0>
382 2027 439 2062 De
462 2024 539 2061 hoc
566 2020 750 2061 vaticinio
776 2021 914 2065 callido
947 2029 985 2060 et
1013 2022 1126 2062 rebus
1160 2022 1404 2073 temporique
1425 2030 1518 2072 apto

363 2071 403 2117 in
438 2079 531 2128 disp.
556 2078 700 2129 Lipsiae
732 2077 851 2130 1699.
874 2079 1002 2136 habita
1036 2081 1114 2130 egit
1136 2076 1316 2130 Gottfrid
1335 2076 1521 2115 Olearius.

363 2135 547 2173 Posthaec
568 2139 622 2173 M.
653 2132 813 2171 Theodor
834 2132 1042 2184 Ambrosius
1068 2132 1270 2172 Strohbach
1301 2136 1344 2176 in
1365 2135 1445 2172 diss.
1470 2137 1520 2174 de

359 2193 520 2235 Iosepho
545 2191 773 2242 Vespasiano
797 2191 997 2240 imperium
1017 2193 1285 2240 praedicente,
1314 2204 1406 2229 vere
1422 2203 1515 2230 num

361 2248 618 2292 diuinanerst,
663 2247 808 2297 Lipsiae
828 2253 941 2296 1748.
956 2258 996 2296 4.
1010 2261 1091 2285 non
1104 2249 1256 2297 quidem
1284 2248 1322 2285 in
1338 2259 1384 2297 eo
1400 2247 1515 2284 fidem

359 2303 474 2341 habet
494 2306 677 2353 Iosepho,
708 2306 813 2353 quod
836 2304 874 2341 vi
896 2305 1026 2342 diuina
1050 2306 1085 2342 se
1117 2304 1247 2342 futura
1275 2302 1516 2352 praesenfisse

359 2361 483 2397 dicat:
513 2362 601 2397 atin
613 2360 734 2397 tribus
747 2360 972 2399 sefflonibus
985 2361 1184 2397 ostendere
1194 2360 1348 2400 studuit,
1377 2359 1420 2407 1)
1433 2371 1516 2400 non

359 2425 618 2454 commentum
636 2415 720 2455 esse,
750 2417 813 2453 sed
826 2429 916 2454 vere
925 2414 1109 2459 accidisse,
1122 2425 1163 2454 vt
1173 2415 1400 2465 Vespasiano
1417 2417 1517 2453 sum·

357 2481 419 2510 ma
448 2472 597 2521 imperii
627 2485 648 2509 a
681 2473 841 2521 Iosepho
872 2471 916 2510 sit
937 2472 1149 2520 praeditum
1174 2474 1215 2516 2)
1248 2485 1340 2509 num
1363 2472 1514 2510 diuina-.-

360 2527 461 2564 uerit
483 2530 688 2577 Iosephus,
718 2528 895 2576 inquirit3
920 2531 961 2576 3)
989 2530 1115 2569 docet,
1144 2529 1247 2565 illum
1274 2528 1409 2565 callide
1421 2539 1516 2565 con·

359 2582 571 2632 iicientem,
613 2586 819 2623 admodum
840 2586 990 2624 versute
1000 2585 1037 2624 se
1054 2593 1178 2624 vatem
1196 2583 1404 2635 profestum
1425 2582 1511 2622 effe.
