1763 3000
1427 239 1504 275 ἿΙῙ

252 371 343 415 quo
382 368 488 416 erga
520 367 593 400 me
630 347 736 398 effes
761 349 932 396 animo.
957 353 961 354 ⁷
999 351 1150 410 Atque
1180 361 1270 412 ego
1301 362 1411 398 vere
1436 351 1502 397 di·-

251 504 353 535 cere
376 486 574 548 possum,
611 495 658 534 et
678 490 757 534 TE
789 502 934 533 meam
959 482 1103 533 vicisse
1130 474 1394 545 opinionem
1410 519 1424 541 ,
1455 493 1508 533 et

253 639 325 670 me
348 639 511 682 paucos
528 624 652 668 inter
675 620 843 668 multos
864 636 969 676 eOS,
1006 623 1083 680 qui
1104 620 1357 681 disciplinae
1378 634 1504 668 meae

253 757 418 805 alumni
451 761 656 810 fuerunt,
689 755 881 811 habere,
931 756 1006 814 qui
1044 761 1118 802 tot
1151 763 1364 817 tantaque
1401 758 1508 803 cond

253 892 401 940 stantis
427 907 510 937 nec
525 893 744 967 insucatae
755 889 973 937 amicitiae
993 891 1196 951 gratique
1208 891 1342 937 animi
1356 893 1509 937 edide-

254 1028 349 1075 rint
379 1026 676 1085 documenta,
711 1032 826 1086 quot
852 1032 1106 1086 quantaque
1128 1041 1202 1072 me
1227 1028 1346 1072 TIBI
1370 1027 1509 1073 debe-

233 1179 321 1219 re,
352 1178 453 1209 cum
477 1169 627 1226 gratae
648 1162 811 1209 mentis
835 1159 1155 1224 significatione
1171 1139 1382 1209 lubenter
1404 1177 1513 1224 pro-

256 1296 407 1345 fiteor.
476 1300 632 1358 Atqui,
650 1299 728 1345 TE
753 1297 907 1357 quanti
925 1300 1134 1349 facerem,
1166 1304 1216 1345 et
1239 1312 1370 1358 quam
1383 1251 1512 1343 valde

262 1447 474 1491 cuperem
505 1434 636 1478 TVIS
669 1432 943 1491 respondere
977 1430 1156 1490 officiiS,
1211 1434 1376 1479 diutius
1401 1432 1513 1479 mihi

263 1572 513 1625 temperare
537 1579 632 1609 non
659 1565 807 1621 potui,
840 1565 948 1622 quin
967 1563 1110 1623 palam
1134 1565 1332 1612 testarer.

366 1765 594 1814 Beneuole
622 1767 764 1828 igitur
800 1765 973 1825 accipe,
1013 1767 1076 1811 mi
1112 1766 1361 1815 DEGENI!
1425 1768 1514 1816 hoc

266 1905 519 1964 incorrupti
552 1903 847 1970 perpetuique
880 1903 971 1948 mei
1005 1917 1111 1962 erpa
1144 1903 1236 1948 TE*
1258 1903 1418 1949 amoris
1453 1905 1518 1962 pi-

269 2041 406 2105 gnus!
444 2042 543 2102 Ego
566 2055 677 2087 vero
713 2040 849 2087 deum
881 2053 1070 2099 precor,
1099 2045 1150 2086 vt
1168 2039 1244 2084 diu
1264 2038 1406 2085 adhuc
1429 2039 1518 2084 sos-

273 2133 350 2240 pee
387 2153 617 2235 i'aluusque
650 2173 809 2222 floreas
847 2176 1110 2239 vigeasque‚
1141 2177 1193 2220 iis
1217 2177 1377 2234 rebus,
1406 2191 1518 2235 quae

271 2314 329 2366 ad
365 2328 515 2359 veram
542 2312 660 2358 vitae
680 2311 940 2359 felicitatem
965 2312 1242 2366 conducant,
1278 2325 1522 2370 numquam

276 2462 371 2494 non
394 2450 589 2495 abundes
602 2479 617 2504 ‚
656 2447 822 2508 diuque
844 2447 986 2494 adhuc
1005 2455 1052 2494 et
1073 2446 1266 2493 scholam
1286 2449 1456 2493 TVAM
1475 2457 1524 2494 et

938 2585 963 2618 ³?
995 2595 1031 2641 4
1352 2581 1524 2628 litterae
