1640 3030
200 299 343 345 CONS
348 300 465 344 TAN
468 294 572 344 TIN
571 299 641 345 VS
655 299 1267 350 PORPHYROGENNETVS.
1293 317 1394 366 477
1443 368 1451 371 ⁸

132 426 428 485 prodierunt,
462 427 661 470 Venetiis
701 439 839 486 1733·
872 425 949 472 fol.
1020 427 1153 472 Conf.
1183 423 1400 471 Hambcr-

126 508 225 554 ger.
246 496 294 538 Ζ.
316 496 368 538 Ν.
397 491 494 539 Vol.
517 495 592 538 111.
624 509 721 554 pagi
748 495 861 545 686.
895 505 942 539 et
970 510 1080 553 quos
1103 491 1185 539 (lle
1217 493 1394 545 laudam

133 569 180 606 et
209 561 446 605 Burmann.
477 562 531 605 11.
568 566 704 618 praef.
738 562 792 605 ad
829 562 1168 620 Aristophanem
1210 578 1310 623 pag.
1346 570 1395 614 8.

129 627 307 672 Saxium
327 630 374 672 in
412 630 498 673 On.
524 630 576 672 11.
606 645 648 686 p.
689 641 791 687 149.
815 632 890 687 qui
934 630 1095 674 multus
1122 628 1184 674 est
1218 624 1272 675 de
1295 630 1398 680 cod.

131 694 248 754 Lips.
275 698 367 740 eius
392 695 676 756 apogmpho,
714 705 761 741 et
789 697 845 741 de
870 697 1072 742 editione
1113 696 1186 741 illa
1208 689 1396 753 Veneta,

129 763 278 810 multis
300 765 473 809 mendis
496 766 820 837 contaminata,
875 766 1068 824 indeque
1094 767 1205 812 ortis
1235 781 1396 825 quere-

126 829 192 879 lis.

645 967 685 1022 §.
762 982 817 1012 10
856 999 869 1012 .

158 1051 614 1100 CONSTANTINVS
646 982 1285 1106 Poangflooi-:NNET'vs
1309 1054 1359 1113 *)

220 1179 274 1215 1.
322 1169 462 1212 Natus
486 1180 523 1211 3.
547 1167 599 1211 C
627 1179 738 1225 905,
772 1167 935 1225 veneni
963 1173 1079 1224 potu
1111 1182 1135 1210 a
1158 1165 1251 1212 filio
1273 1183 1394 1227 para-

100 1238 175 1280 'to
194 1235 334 1294 periit
360 1249 396 1281 3.
418 1235 468 1278 C.
491 1247 604 1291 959.

264 1300 438 1345 Filius
460 1299 623 1344 Leonis
637 1301 866 1358 Sapientis,
904 1301 1151 1357 imperator
1175 1292 1392 1346 Constan-

124 1366 320 1426 tinopol.
347 1367 615 1413 Litterarum
635 1383 834 1413 amorem
856 1383 878 1411 a
893 1376 1016 1425 patre
1039 1366 1155 1425 quafi
1166 1367 1392 1415 heredita-

124 1444 172 1481 te
192 1437 406 1481 traditum
428 1438 626 1493 accepit:
657 1438 733 1494 qui
754 1452 848 1480 non
869 1435 1012 1480 solum
1035 1435 1241 1493 exemplo
1258 1452 1390 1498 egre-

122 1505 200 1563 gio
224 1505 440 1562 praemit,
475 1504 549 1548 sed
576 1502 683 1547 alios
706 1519 886 1562 quoque
918 1502 1121 1547 homines
1153 1504 1309 1548 doekos
1340 1515 1390 1552 et

123 1569 312 1616 artifices
334 1573 542 1616 excitauit
564 1572 617 1615 ad
642 1570 936 1626 calamitatem
966 1580 1100 1630 atque
1133 1565 1387 1628 interitum,

122 1640 199 1697 qui
221 1637 383 1684 litteris
406 1641 651 1691 imminuit,
693 1638 1027 1697 depellendum.
1107 1640 1241 1701 Quod
1274 1655 1385 1684 vero

120 1721 204 1764 per
227 1705 333 1750 alios
355 1722 407 1750 ex
432 1705 611 1750 diuerfis
636 1706 758 1750 libris
801 1715 1008 1763 excerpta
1031 1697 1229 1751 facienda
1262 1722 1386 1768 cura7

119 1774 208 1823 uit3
242 1788 298 1817 eo
322 1774 417 1830 ipso
441 1770 607 1825 effecit,
637 1773 761 1818 vtilli
781 1775 950 1832 integri
969 1766 1163 1832 neglecsti
1184 1775 1386 1820 iacerent

118 1847 253 1898 atque
263 1855 467 1900 magnam
489 1849 661 1898 partem
683 1842 935 1886 interit-ent
970 1842 1092 1891 Quae
1112 1839 1184 1903 vel
1204 1842 1258 1884 ab
1272 1842 1386 1899 ipso,

118 1906 192 1952 vel
217 1906 331 1952 illius
351 1904 458 1951 iussu
480 1916 614 1966 atque
637 1908 829 1965 auspiciis
844 1908 1001 1966 scripta
1014 1908 1125 1964 sunt,
1155 1911 1204 1953 in
1227 1923 1385 1955 recen-

118 1974 265 2020 sendis
298 1977 568 2021 editionibus
597 1978 956 2023 memorabimus.
1377 2011 1380 2014 .

217 2057 257 2102 3.
293 2045 363 2088 De
393 2040 735 2099 admimstrando
763 2045 941 2107 imperio
971 2043 1025 2088 ad
1057 2041 1196 2089 filium
1224 2046 1385 2091 Roma-

120 2125 253 2163 num,
281 2111 423 2155 editio
445 2113 648 2168 princeps
671 2110 732 2155 est
766 2110 826 2157 Ιο.
860 2107 1062 2167 Meursi
1074 2112 1215 2159 1610.
1244 2118 1286 2164 8.
1323 2138 1384 2149 --

120 2193 278 2238 graece
301 2186 348 2224 et
367 2176 440 2224 lat.
467 2193 567 2223 cum
588 2180 705 2225 notis
724 2174 825 2237 Ans.
845 2175 1066 2223 Bandurii
1079 2209 1092 2234 ‚
1121 2181 1168 2223 in
1182 2180 1382 2226 eiusdem

1217 2247 1382 2306 Imper.

172 2375 218 2431 ³⁸)
248 2384 305 2419 De
326 2379 447 2420 caussa
466 2381 578 2419 huius
599 2381 859 2432 cognominis,
905 2379 1108 2420 vniuerfim
1140 2380 1190 2419 de
1210 2383 1287 2419 hoc
1311 2381 1384 2420 im-

227 2446 425 2486 peratore,
459 2438 537 2475 eius
562 2448 681 2475 matre
701 2447 772 2476 etc.
795 2452 831 2478 v.
854 2435 1050 2487 Zepernick
1081 2439 1127 2475 ad
1149 2437 1383 2476 Beckiilibr.

228 2495 276 2530 de
297 2494 434 2531 Leonis
463 2496 626 2531 nouellis
666 2498 777 2543 supra
810 2498 1004 2532 laudatum
1033 2506 1117 2543 pag.
1151 2502 1246 2541 225.
1283 2503 1379 2538 227.

228 2550 309 2597 sqq.
330 2558 367 2585 et
384 2553 430 2587 de
454 2549 575 2598 ecloga
595 2550 712 2600 legum
740 2548 865 2587 Leonis
897 2561 1008 2600 utque
1042 2546 1268 2598 Constantini
1290 2561 1379 2598 pag.
1418 2589 1420 2591 ,

228 2612 308 2653 373
336 2606 410 2654 sqq.
431 2615 468 2642 et
487 2606 601 2645 Beck.
622 2608 741 2658 ipsum
763 2619 848 2658 pag·
873 2615 936 2657 17.
972 2609 1052 2658 sqq.
1079 2605 1210 2656 ibique
1241 2608 1384 2657 Zeper·

223 2659 332 2700 nicki
355 2671 478 2701 notas,
