1640 3030
16 811 24 852 -1
17 678 27 758 -;.-;
14 502 28 664 *ζ’-ΜΠ..
18 504 22 506 ·

428 218 457 264 I
455 216 673 265 OANNES
703 218 812 263 CAN
820 217 1078 263 TACVZEN
1076 215 1114 262 V
1113 214 1157 263 S.
1317 224 1345 281 5
1354 232 1375 281 3
1385 231 1416 280 9

172 339 400 388 Gualtheri
432 342 648 391 versione.
716 341 839 393 Bafil·
875 358 942 404 ap.
969 344 1035 389 Io.
1059 342 1247 402 Oporin.
1277 346 1422 402 1543.'

172 411 251 458 fol.
1020 426 1028 442 ⁶

274 492 323 538 4.
357 480 458 523 Eius
501 476 644 534 filius,
699 475 1041 521 Matthaeus
1081 477 1419 521 Cantacuze-

173 561 296 598 nus,
330 547 487 593 caesar
521 548 832 605 pronuntiatus
857 554 904 592 et
929 550 1167 591 coronatus
1183 577 1196 599 ‚
1227 561 1326 589 cum
1348 561 1423 604 pa·
1457 573 1460 577 ι

174 624 245 660 tre
260 630 415 658 munus
438 625 486 659 et
502 613 725 661 honorem
749 614 973 671 deposuit,
1008 609 1419 672 atqueinmontem

175 681 297 731 Atho
343 678 510 730 secessit
547 680 819 741 disciplinam
866 682 1191 725 Monachorum
1221 681 1425 735 sedtatus,

175 751 249 795 vbi
287 758 414 807 patre
448 749 677 807 superstite
713 751 804 795 vita
838 747 1033 794 decessit.
1125 749 1176 792 In
1207 749 1425 807 quosdam

175 818 358 874 quidem
387 815 524 860 libros
562 817 737 860 diuinos
773 824 1095 865 commentatus
1117 811 1204 859 esse
1231 817 1423 862 dicitur:

172 883 252 927 sed
275 882 418 929 lucem
439 884 622 928 tandem
642 884 754 932 vidit
774 885 866 933 eius
877 885 1236 932 Commentarius
1257 885 1305 928 in
1329 899 1428 928 can·

173 951 313 995 ticum
342 951 618 995 canticorum
636 985 650 1006 ‚
682 965 753 1008 gr·
786 957 834 994 et
860 964 963 995 cum
995 950 1070 995 lat.
1101 949 1303 996 versione
1325 951 1429 993 Vin·

173 1018 306 1059 centii
350 1010 582 1068 memmii,
627 1030 728 1059 cum
763 1017 883 1060 notis
923 1018 1148 1075 eiusdem,
1191 1019 1238 1060 in
1269 1019 1430 1074 quibus

176 1081 429 1141 complures
459 1077 754 1136 difficiliores·
772 1084 931 1127 cantici
957 1086 1232 1129 canticorum
1254 1085 1435 1133 senten-

176 1154 286 1203 tiae,
321 1166 347 1195 e
383 1156 590 1196 veterum
625 1150 891 1206 scriptorum
917 1154 1253 1206 monumentis,
1295 1146 1433 1211 expli-

179 1226 348 1269 cantur,
381 1217 511 1275 prisci
543 1218 652 1261 ritus
675 1226 918 1271 notantur,
955 1227 1003 1264 et
1024 1220 1192 1265 inedita
1218 1220 1434 1280 eduntur,

178 1286 440 1345 praesertim
465 1280 637 1342 Eufi’bii
663 1279 921 1345 Caesariem.
958 1286 1006 1330 in
1039 1288 1261 1334 canticum
1290 1289 1433 1334 canti-

180 1368 338 1399 corum
366 1350 603 1413 expositio.
670 1353 853 1401 Romae.
885 1352 1036 1413 steph.
1074 1354 1259 1417 Paulini.
1286 1356 1434 1416 1624.

181 1420 260 1467 fol.

286 1501 333 1547 ς.
363 1485 586 1531 Hanckius
609 1488 665 1532 de
677 1486 899 1549 Byzantia.
920 1503 1072 1533 rerum
1095 1488 1299 1548 scriptor.
1319 1498 1435 1550 part·

182 1559 219 1606 I.
244 1571 336 1614 cap.
365 1556 442 1615 36.
510 1550 678 1602 Fabric.
704 1559 750 1615 B,
778 1554 851 1601 Gr.
873 1555 964 1602 vol.
987 1556 1063 1601 VI.
1084 1573 1186 1617 pag.
1208 1559 1323 1617 469.
1340 1559 1435 1618 sqq.

181 1625 257 1684 vbi
284 1638 384 1684 pag.
403 1636 517 1681 472.
544 1623 638 1681 sqq.
664 1625 720 1668 de
734 1622 826 1669 fide
849 1625 1145 1669 Cantacuzeni
1166 1625 1369 1672 historica
1389 1634 1439 1672 et

183 1690 362 1749 reliquis
385 1691 554 1748 scriptis
579 1693 750 1749 agitur3
785 1686 1075 1751 Hambergeri
1092 1695 1142 1737 Z.
1163 1696 1219 1738 N.
1243 1693 1333 1740 vol.
1357 1696 1440 1742 IV.

183 1774 285 1821 pag.
321 1758 435 1812 609.
467 1757 562 1816 sqq.
630 1757 789 1800 Saxius
820 1760 869 1803 in
901 1754 1065 1802 Onbm.
1099 1758 1154 1802 Π.
1189 1776 1288 1821 pag.
1329 1769 1440 1819 375.

185 1828 263 1885 qui
296 1834 475 1882 praeter
506 1839 556 1871 ea
578 1825 791 1878 adnotat,
828 1827 1153 1884 praefationem
1177 1829 1232 1875 ad
1253 1827 1310 1875 Io,
1332 1828 1443 1872 Can·

185 1894 386 1938 tacuzeni·
414 1905 618 1953 magnum
638 1903 747 1954 ‚opus
778 1902 931 1937 contra
962 1891 1219 1949 Palamam‚
1257 1894 1441 1940 Barlaa-

188 1973 329 2013 mmn,
381 1969 423 2001 et
460 1957 735 2018 Acyndynum
767 1975 851 2005 vna
887 1960 1202 2018 cum'synodis
1234 1964 1440 2009 aduersus

188 2028 264 2075 has
298 2027 497 2071 haereses
533 2027 798 2087 celebratis,
836 2026 1071 2072 exstare.in
1092 2029 1245 2091 Angcli
1266 2031 1445 2080 Mariae

191 2091 384 2139 Bandini
403 2107 587 2158 graecae
614 2093 800 2154 ecclesiae
824 2097 1135 2156 monumentis,
1179 2096 1445 2153 Florentiae,

199 2163 342 2220 1762.
380 2167 423 2213 8.
450 2160 538 2208 vol.
560 2164 620 2213 Π.

750 2301 761 2314 .
803 2281 821 2312 1
897 2300 911 2313 ·

215 2265 768 2402 CONSTANTINV§S
819 2274 1431 2426 1313ARMENonLvs,

310 2471 352 2505 1.
382 2460 520 2504 Natus
543 2461 656 2504 circa
676 2475 711 2503 a.
734 2459 843 2507 Chr.
870 2473 923 2521 13
937 2474 1010 2504 20.
1031 2456 1213 2506 deceffit
1235 2459 1449 2508 Constan-

198 2524 409 2588 tinopoli,
438 2526 492 2587 Δ,
524 2525 580 2588 C.
620 2533 760 2588 1380.
778 2527 851 2576 vel
883 2533 1023 2591 1381.
1090 2530 1211 2577 Ante
1229 2530 1452 2578 Lambeci‚

1363 2613 1455 2656 um,
