1686 3025
296 278 328 314 Ἴιι
338 270 398 329 33
487 296 489 300 ψ
557 261 623 315 Μ,
650 265 928 314 AVRELIVS
953 266 1295 342 ANTONJNVS.

299 408 351 453 4.
375 393 445 439 cui
479 392 612 438 etiam
651 386 921 438 accesserunt
948 396 1262 451 annotationes
1292 394 1545 444 selestiores
1572 412 1577 415 ’

295 462 352 511 Δ.
377 461 562 506 Dacierii
582 458 801 504 ,latinitate
836 461 1038 506 donatae.
1074 476 1158 506 nec
1188 477 1279 506 non
1309 466 1370 510 M.
1399 470 1546 512 Anto-

293 532 502 577 ninivita
522 522 669 583 paffim
690 527 811 570 auita
846 535 894 573 et
926 528 1100 572 idoneis
1131 529 1391 587 scriptorum
1419 542 1545 578 vete-

291 613 397 644 rum
424 594 680 641 testimoniis
710 590 894 651 firmata.
936 621 985 630 —
1065 597 1232 640 Graeca
1265 599 1410 643 oratio
1428 599 1542 645 hinc

291 665 401 710 inde
438 662 669 707 emendata
704 661 788 715 est,
835 662 969 707 latina
1001 678 1110 707 vero
1145 665 1481 731 interpretatio
1491 682 1546 716 ex

294 732 366 776 edi
371 732 497 776 tione
522 727 685 774 Merici
712 730 956 774 Casauboni
991 731 1261 788 depromta
1251 746 1299 776 ln
1327 734 1395 777 ed.
1423 734 1544 780 Oxo-

293 796 437 848 nienfi
460 799 600 844 nitida
629 797 863 849 1680.12
898 820 964 832 —-·
1030 800 1197 844 Textus
1234 813 1256 842 a
1294 798 1542 860 Gatackero

289 865 582 919 constitutuS,
619 865 738 909 notis
762 863 916 908 illius
904 881 951 909 in
977 862 1292 924 compendium
1322 869 1433 912 mire
1471 883 1543 914 re·-

288 934 450 980 daffis.
479 933 708 979 interdum
731 932 1065 989 tamen-auctis,
1095 935 1312 992 repetitus
1341 933 1402 978 est
1425 935 1542 980 Oxo-

285 1004 390 1047 niae
420 1014 562 1059 1704.
587 999 629 1052 8.
652 1004 713 1051 (v.
732 995 845 1043 'Adia
869 1000 1030 1047 erudit.
1053 1001 1167 1056 Lips.
1201 1013 1339 1058 1707·
1365 1017 1406 1058 p.
1426 1016 1540 1058 401.

287 1070 376 1128 sq.)
412 1084 479 1130 gr.
503 1075 550 1114 et
571 1066 646 1112 lat.
670 1067 827 1112 additis
840 1068 888 1111 in
907 1065 996 1111 fine
1030 1066 1237 1124 epistolis,
1259 1083 1370 1125 quae
1400 1068 1539 1112 Anto—

280 1139 395 1182 nino
419 1137 693 1181 tribuuntur.
725 1157 792 1168 —-
825 1149 956 1192 quam
977 1134 1226 1178 editionem
1239 1133 1537 1179 recudendam

283 1205 470 1264 curauit,
514 1210 563 1247 et
590 1201 979 1253 [obseruationibus
1010 1199 1241 1246 Gatackeri
1269 1216 1318 1245 ac
1348 1204 1536 1246 Dacierii

276 1270 543 1330 quibusdam
573 1269 865 1328 locupletauit
911 1264 1224 1329 Christophorus
1263 1267 1401 1314 Wolle.
1446 1272 1538 1325 ⁸qui

280 1341 419 1384 vitam
437 1338 681 1390 Antonini,
715 1346 763 1381 et
788 1337 852 1378 Ῑο.
883 1336 1096 1380 Francisci
1129 1336 1293 1378 Buddei
1331 1337 1538 1381 introdu-

279 1405 480 1450 {tionem
498 1405 552 1448 ad
577 1399 901 1462 philosophiam
917 1401 1094 1446 stoicam
1119 1416 1171 1446 ex
1193 1411 1345 1447 mente
1372 1406 1432 1447 Μ.
1449 1407 1537 1447 An-

275 1475 429 1518 tonini
448 1469 681 1529 praemisit
716 1466 884 1527 Lipsiae
922 1481 1062 1527 1729.
1098 1477 1137 1519 8.
1186 1493 1240 1504 --
1266 1485 1365 1513 curn
1402 1472 1537 1522 notis,

280 1556 350 1600 gr.
372 1548 419 1584 et
437 1538 514 1585 lat
508 1538 761 1601 Glasguae,
796 1552 864 1594 ap
876 1534 1199 1594 Foulis.1744.
1228 1543 1270 1588 3.
1297 1561 1346 1571 -
1379 1538 1534 1584 Ancon.

276 1606 383 1653 libri
404 1608 499 1652 XII.
525 1605 623 1666 post
645 1602 827 1651 Gatack.
861 1605 1086 1662 recogniti
1120 1612 1166 1648 et
1197 1606 1317 1648 notis
1348 1603 1474 1648 illust.
1508 1620 1532 1649 a

278 1676 331 1721 R.
356 1673 503 1734 Glasg.
530 1685 669 1748 1751.
688 1676 731 1723 8.
767 1670 960 1731 denique
987 1685 1050 1729 gr
1077 1679 1123 1714 et
1147 1669 1281 1715 latine
1306 1685 1407 1715 cum
1427 1687 1532 1729 pau-

276 1743 354 1795 cis,
388 1749 433 1786 at
457 1741 649 1801 egregiis
674 1737 806 1789 Mori,
818 1733 1075 1781 Profefforis
1090 1746 1136 1781 et
1149 1737 1373 1798 Theologl
1387 1754 1530 1796 quon

276 1809 378 1855 dam
410 1805 617 1874 Lipfiens.
652 1806 773 1849 notis
804 1805 979 1854 criticis,
1018 1802 1182 1861 Lipfiae
1213 1819 1353 1862 1775.
1385 1813 1427 1855 8.
1463 1829 1531 1840 --

272 1875 381 1935 Joly
405 1890 521 1919 noua
542 1875 715 1920 ratione
728 1871 930 1917 ττειᾶειιιίὲ
946 1872 1160 1916 Antonini
1170 1874 1530 1924 commentarios

274 1942 364 1988 siue
392 1944 601 1995 diarium,
636 1935 953 1999 υπομνήμαιτω.
977 1937 1220 1984 Publicauit
1253 1941 1462 1984 nimirum

376 2004 557 2060 Pense'es
582 2000 684 2052 del‘
712 2009 956 2064 Empexeur
980 2007 1101 2050 Marc
1121 2003 1281 2052 Aure¹le
1306 2009 1525 2062 Antonin,

271 2095 334 2124 ou
355 2080 528 2134 Letons
549 2077 605 2120 de
630 2077 815 2128 Vertu,
827 2089 914 2132 que
940 2087 991 2117 ce
1018 2075 1172 2118 Prince
1194 2074 1460 2132 philosophe
1479 2076 1524 2120 se

270 2141 446 2192 faisoit
436 2159 457 2186 a
481 2144 544 2190 lui
574 2157 733 2187 meme.
802 2139 992 2186 Novelle
1022 2141 1271 2186 tradudtion
1306 2143 1367 2187 du
1395 2139 1524 2196 Grec,

270 2208 504 2258 distribuee
530 2226 588 2256 en
608 2209 850 2267 chapitres‚
885 2208 1055 2253 suivant
1077 2208 1140 2254 les
1163 2205 1383 2268 matie‘res,
1417 2224 1523 2254 avec

269 2284 347 2326 des
368 2288 498 2326 notes
524 2286 572 2324 et
592 2278 669 2323 des
689 2279 903 2321 variantes
919 2308 930 2327 ,
968 2291 1045 2332 par
1069 2279 1128 2321 Μ.
1163 2273 1213 2318 de
1237 2274 1350 2334 Joly.
1384 2278 1520 2323 Paris.

273 2364 290 2393 1
306 2362 414 2406 770.
444 2354 489 2399 8.
514 2349 634 2392 conf.
656 2342 979 2403 Philologische
1004 2341 1319 2388 Biblioth.'vol.
1343 2345 1379 2389 Ι.
1404 2351 1520 2400 part.

273 2431 316 2474 ς.
346 2417 587 2475 Gottingae
614 2425 753 2470 1771.
778 2417 822 2463 8.
848 2426 947 2471 pag.
973 2416 1080 2468 238.
1106 2411 1198 2467 sqq.
1238 2411 1519 2456 ‘Contendit
1546 2419 1558 2426 '

267 2482 504 2540 editiones,
539 2478 774 2529 verfiones‚
809 2486 857 2536 et
881 2477 1093 2535 quosdam
1116 2478 1305 2524 codices,
1341 2508 1397 2521 -—
1449 2477 1516 2521 Se-

266 2545 388 2599 cunde
407 2550 597 2609 edition,
637 2541 660 2589 ὲ
679 2543 869 2606 laquelle
896 2560 957 2590 on
979 2546 1177 2605 ajoutera
1199 2546 1304 2590 dans
1315 2543 1357 2592 le
1371 2540 1515 2590 meme
1590 2579 1598 2583 .

1377 2612 1513 2659 ordre
