1686 3025
254 259 277 307 ς
289 257 352 308 34
535 216 890 285 NICEPHORVS
918 230 1224 280 GREGORAS.

253 369 331 428 qui
356 366 536 426 quidem
561 357 781 420 superesse
800 361 1030 412 dicuntur,
1067 374 1329 419 quamquam
1349 359 1524 407 hucus-.

257 451 348 494 que
378 434 479 479 libri
512 438 689 479 tantum
721 430 901 475 XXIIII.
941 427 1141 473 formulis
1175 429 1525 488 typographicis-⁸

256 503 469 560 descripti
493 501 620 556 sunt,
654 500 707 541 ab
730 513 766 543 a.
790 496 894 543 Chr.
926 507 1066 554 1204.
1092 512 1181 553 quo
1205 499 1370 541 Veneti
1391 499 1512 543 Con-

255 567 582 626 stantinopolin
626 572 925 623 occuparunt,
977 578 1115 622 vsque
1150 564 1204 608 ad
1247 580 1313 608 an.
1369 577 1512 624 1351.

168 644 170 647 ’
257 641 348 695 Ea,
384 651 495 695 quae
531 649 670 692 vsque
700 634 754 677 ad
780 648 817 676 a.
865 642 1000 690 1359.
1020 633 1304 690 pertineant,
1337 631 1514 677 seruan-

258 704 498 753 turtadhuc
521 705 568 747 in
591 701 752 761 pluteis
771 706 951 744 msstor.
979 721 1045 733 ·--
1111 697 1340 762 Nicephori
1362 699 1517 764 Gregoq

259 785 339 816 rae
377 786 610 827 romanae,
662 769 751 814 hoc
784 767 845 812 est
878 768 1139 826 byzantinae
1171 766 1375 812 historiae
1413 753 1531 827 libri]
1619 803 1622 806 .
1674 797 1680 810 Α

261 843 338 886 XI.
371 841 529 897 quibus
565 853 636 882 res
655 846 684 881 'a
710 837 877 896 graecis
903 837 1249 895 imperatoribus
1273 850 1353 892 per
1377 848 1519 880 annos

262 909 438 956 CXLV.
469 923 493 951 a
512 905 762 951 Theodoro
788 902 957 949 Lascari
978 904 1130 962 priore
1146 935 1159 958 ,
1190 918 1326 961 vsque
1349 904 1402 948 ad
1426 905 1520 949 An-

263 975 443 1023 dronici
475 971 729 1032 Palaeologi
760 970 1016 1030 posterioris
1046 971 1220 1016 obitum
1239 970 1406 1031 gestae,
1442 971 1522 1015 de-

261 1044 547 1095 scribuntur,
596 1047 644 1094 et
676 1040 848 1082 Nice-tae
878 1034 1109 1080 Chom'atae
1139 1031 1523 1102 παρωλειπὸμενοι

261 1110 552 1168 supplentur:
580 1123 697 1153 nunc
715 1107 897 1149 demum
916 1128 975 1137 --
1013 1103 1192 1150 Hieron.
1210 1101 1343 1162 Wolfii
1355 1106 1526 1159 labore,

265 1170 428 1238 graece
450 1176 678 1231 latineque
703 1173 815 1216 editi
838 1186 936 1215 cum
950 1170 1096 1215 indice
1117 1171 1314 1227 copioso.
1345 1171 1428 1215 His
1453 1173 1528 1216 ad..

267 1244 489 1289 iunximus
518 1241 696 1286 Laonici
727 1234 1033 1297 Chalconcgylae
1061 1239 1272 1284 turcicam
1301 1238 1538 1295 historiam,

266 1306 463 1354 Conrado
485 1306 590 1352 Clau
613 1322 699 1365 era,
731 1307 969 1366 Tiguflno,
991 1308 1267 1364 interprete3
1304 1307 1378 1351 sed
1401 1322 1529 1352 reco-

271 1381 446 1440 gnitam
484 1379 536 1423 ab
571 1377 736 1421 eodem
767 1396 834 1409 -—
869 1389 1027 1434 graece
1066 1374 1210 1420 aciat.
1232 1372 1417 1426 Bafileae
1446 1390 1528 1433 per

269 1450 338 1494 Io.
368 1447 622 1504 Oporinurn
656 1442 794 1501 1562.
822 1441 901 1487 fol.
933 1466 1000 1475 —
1036 1445 1245 1496 Lacunas,
1277 1458 1380 1500 quas
1400 1441 1530 1487 Wol-
1599 1480 1603 1483 .
1639 1482 1644 1486 .
1677 1471 1678 1476 ,

271 1513 323 1563 fii
368 1515 546 1561 codices
579 1513 859 1568 habuerunt,
904 1509 1128 1568 suppleuit
1153 1509 1533 1569 DionystusPeta-

272 1585 371 1627 uius
386 1617 397 1635 ‚
433 1583 510 1642 qui
529 1583 577 1626 in
597 1581 721 1625 edito
740 1577 986 1636 Nicephori
1013 1577 1284 1636 patriarchae
1307 1579 1533 1624 Breuiario
1609 1620 1619 1630 ,

272 1649 513 1702 historico,
569 1649 685 1693 Paris
736 1645 875 1692 1616.
919 1651 959 1698 8.
1000 1662 1101 1708 pag,
1138 1660 1249 1704 240.
1285 1646 1535 1708 fragment&

273 1718 414 1763 nostri
427 1717 690 1774 Nicephori‚
712 1722 759 1760 et
775 1715 880 1758 ibid.
905 1715 952 1757 in
973 1712 1064 1758 fine·
1085 1702 1336 1760 ObsePuatt.
1362 1715 1536 1758 suarum

277 1789 583 1846 fragmentum
614 1784 672 1829 de
710 1783 799 1829 vita
837 1788 884 1826 et
910 1782 1037 1829 'exitu
1063 1781 1338 1829 Constantini
1359 1780 1539 1839 Copro-

276 1855 402 1912 nymi
418 1853 544 1898 dedit
567 1866 633 1912 gr.
658 1867 706 1896 ac
729 1849 803 1895 lat.
826 1872 890 1882 —
960 1849 1101 1892 Iidem
1119 1846 1220 1893 libri
1242 1851 1314 1896 XI,
1338 1844 1539 1910 Nicepho-

278 1924 352 1977 ri,
399 1929 497 1966 tum
534 1919 709 1962 Laonicz'
739 1912 1044 1974 Chalcondylae
1071 1915 1250 1961 historia
1283 1919 1541 1961 Turcorum

282 1997 332 2035 et
358 1987 537 2049 Georgii
571 1985 834 2048 Acropolitae
855 1983 1101 2031 chronicon
1127 1982 1439 2038 CPolitanum,
1473 1999 1557 2044 gr.-
1643 1973 1646 1978 ¹
1679 2004 1680 2039 i

283 2072 350 2104 ac.
390 2055 465 2103 lat.
501 2053 720 2102 Coloniae
753 2051 993 2112 Allobrog.
1043 2051 1184 2109 1615.
1210 2050 1284 2096 fol.
1309 2074 1377 2086 -
1445 2050 1543 2096 Ple-

281 2126 390 2170 nior
420 2132 470 2169 et
500 2122 745 2167 correffior
773 2119 833 2164 est
858 2121 999 2164 editio
1017 2154 1030 2174 ‚
1063 2119 1304 2177 inscripta:

383 2188 515 2252 Greg.
546 2181 794 2244 Byzan'tina
826 2183 1028 2243 hzstoria,
1064 2182 1175 2233 tom.
1208 2188 1389 2244 primus.
1420 2187 1544 2231 Libri

284 2262 364 2306 XL
397 2261 450 2305 ab
488 2258 612 2303 Hier.
647 2252 781 2312 Wolfio
816 2256 902 2300 iarn
922 2256 1097 2312 pridem
1117 2253 1242 2302 latini
1269 2253 1393 2308 faeti,
1423 2262 1471 2299 et
1496 2256 1546 2300 in

288 2328 437 2374 lucem
469 2326 606 2372 editi:
641 2325 779 2369 iidem
809 2338 928 2367 nunc
949 2316 1192 2376 anteriores,
1230 2329 1278 2367 et
1300 2320 1546 2383 castigatio·
1613 2340 1621 2348 ’

290 2412 362 2457 τρε
388 2411 520 2454 quam
537 2402 679 2440 antea.
715 2399 864 2438 tomus
885 2391 1114 2436 secundus.
1137 2389 1260 2434 Libri
1284 2392 1398 2434 ΧΙΙΙ.
1424 2404 1546 2434 nune
1567 2386 1572 2395 ’

289 2465 487 2522 primum
512 2479 537 2508 e
557 2462 690 2506 codd.
716 2459 860 2505 msstis
881 2460 1067 2503 eruti-et
1089 2459 1207 2518 typis
1229 2458 1435 2505 mandati.
1474 2458 1546 2503 *Ex
1620 2508 1623 2510 Α
1681 2452 1682 2462 ’

291 2530 360 2577 his
388 2530 526 2577 libros
560 2533 655 2578 fere
688 2530 762 2576 XI.
788 2525 924 2595 latine
944 2527 1080 2575 vertit
1102 2526 1160 2576 Io.
1183 2525 1356 2572 Boivin.
1421 2523 1554 2571 Idem-

1426 2592 1550 2640 codi-
1640 2655 1642 2657 .
1681 2581 1682 2604 ³
