1686 3025
234 246 261 282 2
271 253 292 299 3
304 238 329 292 8
442 231 773 282 ALEXANDER
797 225 1270 280 APHRODJSJENSIS.

231 362 369 408 Paris.
395 361 535 419 1645.
555 373 602 416 4.
635 354 813 402 Amstel.
835 355 970 413 1648.
998 368 1072 400 12.
1087 378 1147 388 —-
1169 354 1286 398 Alex.
1298 347 1484 415 Aphrod.

231 431 364 488 super
388 425 612 472 nonnullis
637 422 821 483 physicis
855 421 1178 481 quaestionibus
1211 421 1487 467 solutionum

230 494 372 546 libet-3
407 497 457 539 it.
479 488 706 535 Plutarchi
727 491 963 534 amatoriae
986 491 1284 542 narrationes,
1329 487 1406 532 lat.
1431 501 1487 532 ex

231 566 516 620 interpretat.
550 561 655 618 Ang.
690 556 917 602 Politiant'.
964 556 1080 602 Basil.
1111 553 1248 614 1520.
1274 562 1317 609 8.
1353 576 1400 588 --
1438 577 1490 587 ·-

233 630 353 675 Alex.
383 621 568 689 Aphrod.
614 628 662 669 in
701 624 956 683 sophisticos
994 621 1240 669 Aristotelis
1276 620 1488 667 elenchos

234 696 578 752 commentaria,
622 695 789 738 Venet.
821 708 889 750 ap.
922 690 1086 737 Aldurn
1117 691 1147 734 s.
1173 706 1211 735 a.
1242 702 1310 751 gr.
1345 688 1423 733 fol.
1448 705 1490 733 v.

231 766 346 811 serie
372 771 458 807 etc.
477 777 577 822 pag.
603 774 709 818 154.
748 780 818 794 ⁶—
850 760 958 803 ibid.
979 773 1157 820 giacum
1177 761 1230 802 V.
1253 760 1299 803 L.
1320 772 1373 801 ex
1384 771 1491 815 qua·

234 842 342 877 tuor
368 830 498 875 codd.
521 845 589 886 ap.
612 827 713 872 Ald.
741 839 879 885 1520.
898 826 979 871 fol.
1003 827 1166 870 edente
1188 822 1365 867 Hercule
1382 824 1492 883 Gyr-

233 895 384 948 lana-⁷0,
423 920 488 931 —-
525 898 573 939 in
600 897 749 952 priora
770 894 980 951 analytica
1008 892 1184 938 Aristot.
1216 900 1491 937 commenta-

232 968 298 1011 ria
325 981 391 1025 gr.
423 962 624 1009 venetiis
655 978 722 1018 ap.
762 961 862 1005 Ald.
886 970 933 1005 et
967 961 1108 1005 Andr.
1147 957 1322 1004 Asulan.
1348 958 1490 1003 socer.

238 1048 261 1080 1
276 1030 473 1090 520.fol·.
507 1048 563 1063 -’-·-
600 1031 648 1072 in
670 1030 816 1086 priora
829 1027 992 1087 analyt.
1010 1025 1230 1073 Aristotel.
1247 1034 1489 1071 comment.

234 1101 340 1147 ibid.
371 1112 510 1155 1520.
532 1096 610 1141 fol.
647 1119 712 1128 —-
748 1103 990 1139 comment.
1014 1097 1061 1137 in
1082 1093 1245 1137 librum
1279 1094 1335 1137 de
1365 1092 1490 1137 sensu

234 1177 283 1213 et
307 1164 525 1221 senfibili‚
555 1178 656 1207 cum
666 1162 876 1218 Simplicii
896 1169 1139 1205 comment.
1160 1162 1208 1202 in
1243 1168 1333 1204 tres
1354 1158 1494 1202 libros

235 1232 417 1279 Aristot.
439 1232 495 1275 de
526 1231 681 1274 anima.
723 1228 890 1273 Venet.
915 1243 984 1286 ap.
1013 1225 1193 1282 Aldum,
1252 1236 1393 1283 1527.
1415 1224 1494 1270 fol.

233 1301 340 1346 vide
364 1300 486 1345 Serie
503 1295 606 1341 dell'
632 1297 739 1340 ediz.
765 1294 943 1339 Aldine.
971 1309 1071 1353 pag.
1100 1297 1176 1337 62.
1211 1289 1338 1339 Alex.
1357 1287 1492 1355 Aphr.

235 1369 286 1414 in
311 1363 667 1423 meteorologica
687 1371 734 1408 et
757 1363 814 1407 de
834 1363 1052 1406 mixtione
1076 1376 1176 1404 cum
1207 1362 1345 1417 praef.
1384 1358 1493 1402 Asu,

237 1433 328 1480 lani
361 1433 415 1477 ad
436 1429 706 1477 Sadoletum.
739 1431 901 1475 Venet.
912 1430 958 1472 in
972 1429 1149 1472 aedibus
1163 1427 1264 1472 Aldi
1287 1435 1336 1473 et
1357 1425 1495 1472 Andr.

235 1500 416 1546 Asulani
447 1499 534 1543 soc.
568 1510 711 1555 1527.
750 1495 827 1543 fol.
859 1512 899 1541 v.
924 1497 1045 1541 Serie
1079 1504 1166 1541 etc.
1199 1510 1298 1555 pag.
1323 1493 1401 1539 62.
1433 1486 1510 1528 —e‘

235 1567 543 1624 Problemata,
578 1581 644 1624 gr.
658 1566 778 1610 inter
799 1562 1047 1609 Aristotelis
1068 1578 1173 1620 opp.
1195 1562 1356 1607 Venet.
1378 1561 1494 1618 apud

236 1636 342 1682 Ald.
372 1647 511 1693 1497.
531 1631 608 1676 fol.
632 1641 679 1675 et
713 1645 814 1675 cum
848 1623 1010 1689 Angeli
1046 1629 1250 1673 Politiani
1284 1630 1495 1687 operibus

237 1703 366 1749 variis
395 1710 443 1746 et
464 1699 556 1745 aliis
572 1733 585 1752 ‚
618 1698 725 1741 ibid.
753 1702 892 1755 1498.
916 1695 994 1740 fol.
1014 1713 1055 1744 v.
1075 1698 1196 1741 Serie
1216 1704 1303 1741 etc.
1326 1711 1425 1756 pag.
1453 1708 1496 1754 5.

235 1771 302 1829 sq.
324 1777 374 1814 et
390 1783 490 1828 pag.
517 1772 560 1818 8.
618 1788 659 1798 —
693 1758 833 1810 prol-l.
854 1758 1064 1807 Theodoro
1088 1763 1209 1805 Gaza
1229 1765 1494 1820 interprete.

237 1852 341 1882 cum
365 1835 625 1895 quibusdam
645 1830 957 1890 Aristotelicis‚
988 1831 1096 1876 ibid.
1138 1846 1153 1874 1
1168 1845 1277 1888 504.
1299 1829 1376 1876 fol.
1397 1839 1495 1875 tum

236 1906 346 1950 ibid.
388 1917 525 1962 1513.
557 1899 632 1946 sol.
664 1916 707 1945 V.
730 1901 850 1944 Serie
886 1908 972 1944 ete.
1002 1913 1102 1958 pag.
1140 1911 1201 1953 24
1226 1897 1286 1954 sq.
1317 1910 1392 1958 35.
1427 1916 1495 1931 —-

237 1974 359 2018 inter
370 1971 487 2027 Opp.
504 1967 683 2012 Aristot.
698 1981 778 2024 per
791 1966 1087 2025 Sylburgium.
1121 1967 1321 2011 Francos.
1352 1978 1368 2008 1
1383 1978 1403 2021 ς
1416 1970 1438 2016 8
1450 1978 1494 2021 ςι

239 2055 288 2098 4.
323 2058 370 2074 ——
406 2035 598 2082 Libellus
618 2035 674 2079 de
699 2035 919 2086 febribus,
953 2033 1028 2077 lat.
1057 2033 1231 2091 Georgio
1271 2030 1396 2076 Valla
1429 2033 1495 2074 in-

238 2114 470 2165 terprete,
506 2118 607 2148 cum
628 2103 756 2146 variis
782 2100 951 2157 scriptis
979 2101 1141 2144 eodem
1167 2099 1244 2143 illo
1276 2101 1494 2156 interpre-

239 2182 304 2219 te.
349 2175 510 2217 Venet.
544 2185 624 2229 per
662 2169 830 2212 Anton.
864 2167 921 2211 de
956 2169 1096 2212 Strata
1138 2172 1278 2224 1488.-
1321 2178 1377 2194 -·-
1412 2180 1494 2224 per

235 2243 408 2287 Simon.
433 2237 685 2296 papiensem
718 2235 882 2279 dietum
910 2234 1232 2292 Bequilaquam‚
1266 2235 1326 2276 ib.
1355 2238 1495 2291 1498.

238 2308 319 2355 fol.
343 2324 383 2355 v.
408 2307 534 2351 Fabr.
555 2308 599 2349 Β.
626 2306 672 2348 L.
694 2303 811 2348 med.
834 2310 880 2347 et
901 2301 1036 2345 infim
1062 2313 1146 2348 aet.
1169 2317 1211 2344 V.
1239 2298 1360 2342 Valla
1380 2308 1494 2345 tom.

238 2374 314 2419 VI.
328 2391 370 2432 p.
385 2380 442 2425 28
459 2388 494 2418 1.
511 2374 582 2416 ed.
599 2369 740 2414 Mansi.
757 2393 799 2403 --
817 2371 1002 2429 Georgii
1030 2368 1175 2413 Vallae
1188 2400 1200 2418 ,
1233 2369 1309 2425 qui
1341 2367 1399 2411 de
1419 2381 1494 2411 aus·

240 2442 367 2486 stote
388 2441 515 2484 huius
539 2432 639 2484 libri
659 2438 774 2481 haud
793 2437 994 2480 dubitare
1017 2436 1191 2481 videtur
1207 2466 1220 2488 ‚
1253 2432 1395 2478 versio
1419 2434 1494 2478 ad-

234 2518 351 2557 nexa
371 2509 492 2555 Petri
511 2502 754 2567 Aponenfis
768 2504 1099 2570 „commentariis
1133 2505 1179 2547 in
1216 2500 1494 2613 problerrhata

1327 2571 1404 2616 Ari
1443 2583 1493 2613 οε
