1727 3005
294 267 296 269 >
352 250 439 297 94·
780 220 1165 280 PLVJaRcHVss

350 361 559 418 quentiae
596 354 892 418 argentinensi
929 357 977 399 in
1007 357 1222 401 academia
1257 352 1435 407 Profeff.
1449 353 1596 406 edita.

347 428 639 488 Argentoiati
674 431 809 481 1598
842 433 883 475 8

448 493 525 534 Ρίι
517 504 559 536 t.
586 491 698 535 liber
720 493 776 535 de
799 490 965 544 Exilio,
1001 487 1259 549 plerisque
1247 507 1294 540 in
1314 490 1423 537 locis
1444 508 1597 547 emen-

344 563 470 607 datus
495 576 562 619 gr
587 560 718 603 Paris
748 565 870 616 1585
896 572 947 616 4

445 625 561 672 Plut.
581 623 755 669 libellus
782 624 892 670 sitne
911 627 1094 671 rationis
1126 623 1300 682 aliqua
1284 641 1335 670 1n
1354 626 1497 671 bestiis
1515 629 1596 682 vis,

345 703 442 740 tum
455 703 550 738 vcra
572 694 857 737 animantium
871 692 966 750 plus
977 693 1104 736 huius
1116 692 1319 751 Habeant,
1355 693 1597 741 terrestria·

343 778 400 806 ne
437 763 743 820 anaquaffica,
774 777 799 804 a
823 761 927 805 ⁴Sim.
954 759 1148 804 Grinaeo.
1181 777 1249 820 gr.
1286 768 1333 806 et
1365 760 1439 807 lat.
1474 762 1595 809 Bam.

348 843 476 889 1534
502 833 544 880 8.

442 896 712 943 Conuiuium
726 893 893 953 septem
907 894 1150 953 sapientum
1161 911 1226 954 gr.
1238 896 1368 942 Paris,
1381 898 1496 954 apud
1509 897 1595 942 Va·

344 959 508 1010 scos-em.
530 977 651 1022 1547
678 978 725 1020 4.
744 987 809 997 -—
833 979 899 1023 gr.
930 971 979 1007 et
1006 961 1079 1022 lat.
1107 970 1153 1008 et
1178 963 1234 1006 de
1270 963 1595 1023 superstitione,

342 1030 582 1079 lat,Pla72c0
606 1033 868 1088 interprete.
903 1031 1108 1090 Lugduni
1128 1045 1197 1088 ap.
1220 1029 1331 1091 Seb.g
1343 1030 1593 1090 Gryphium

348 1110 367 1145 Ι
381 1112 490 1159 552.
513 1105 555 1151 8.

440 1188 507 1202 -
541 1168 610 1210 De
632 1163 740 1210 Iside
766 1172 812 1210 et
836 1162 1006 1212 Osiride
1028 1163 1173 1225 liber,
1207 1177 1364 1225 graece
1386 1170 1435 1210 et
1454 1164 1594 1224 angli-

342 1246 406 1280 ce.
475 1235 638 1279 Graeca
665 1233 910 1288 recensuit,
945 1234 1223 1286 emendauit,
1268 1233 1593 1277 commentario

341 1304 486 1356 auxit,
534 1299 780 1346 versionem
813 1317 973 1345 nouam
1002 1300 1216 1360 anglicam
1243 1301 1402 1345 adiecit
1425 1297 1597 1342 Samuel

338 1370 506 1431 §quirun
574 1365 855 1413 Accefferunt
874 1367 1111 1427 Xylandfi,
1155 1367 1349 1423 Baxteri,
1385 1365 1592 1426 Bentleii,

337 1435 590 1482 Marklandi
613 1434 890 1479 conietturae
914 1442 962 1480 et
987 1433 1348 1493 emendationes,
1383 1433 1590 1482 Cantabr.

343 1515 482 1563 1744
512 1509 556 1555 8

448 1597 487 1604 -
525 1570 594 1616 De
623 1569 790 1646 placitis
821 1566 1189 1626 philosophorum
1220 1567 1321 1612 libri
1353 1568 1405 1616 V.
1439 1580 1508 1629 gr
1543 1575 1592 1615 et

335 1619 411 1685 lat.
432 1653 531 1682 cum
551 1639 678 1682 variis
701 1636 864 1681 ledtion
866 1637 961 1678 ibus
999 1632 1088 1695 (ex
1118 1636 1225 1680 edit.
1251 1636 1483 1690 Francof.)
1516 1636 1590 1680 ad-

336 1714 521 1752 notatt.
538 1714 586 1749 et
624 1699 1085 1748 disse1·tatt.Eduardz·
1116 1701 1298 1758 Corsni,
1334 1700 1587 1748 Florentiae

342 1787 481 1829 1750.
504 1772 602 1815 mai.
630 1781 672 1823 4,
716 1774 839 1814 Haec
859 1771 998 1814 editio
1025 1772 1211 1813 omnino
1231 1769 1445 1813 laudanda
1466 1779 1513 1815 et
1526 1773 1586 1815 ob

334 1849 463 1885 notas
486 1838 693 1883 subiedlas
722 1839 978 1894 additasque
1013 1832 1242 1881 dill'ertatt.
1280 1835 1584 1894 philosophiae

334 1910 540 1965 antiquae
574 1904 813 1950 cultoribus
847 1905 1208 1950 commendanda.
1249 1900 1490 1952 ,Praemiffa
1523 1904 1585 1950 est

332 1973 555 2021 Plutarchi
570 1975 657 2018 vita
679 1981 725 2017 et
750 1971 932 2031 syllabus
966 1980 1169 2016 veterum
1198 1969 1582 2028 philosophorum.

331 2068 378 2078 —-
427 2043 612 2102 Egregia
637 2050 683 2084 et
701 2041 848 2083 critica
870 2038 930 2083 est
951 2040 1116 2082 editio:
1154 2034 1374 2080 Plutarchi
1393 2039 1450 2082 de
1471 2038 1582 2099 phy-

332 2109 421 2154 ficis
448 2107 817 2166 philosophorum
829 2107 1016 2164 decretis
1040 2104 1140 2149 libri
1165 2107 1373 2163 quinque.
1419 2108 1581 2151 Emen-

331 2179 524 2222 datiores
547 2176 687 2219 edidit
706 2185 752 2219 et
772 2174 970 2217 ledtionis
988 2175 1258 2217 vvarietatem
1290 2173 1450 2217 adiecit
1481 2170 1579 2218 Chr.

329 2245 442 2288 Dan.
464 2242 650 2289 Beckius
693 2240 856 2299 Lipsiae
876 2247 1018 2298 1787.
1039 2246 1082 2292 8.
1113 2236 1336 2284 I’raemiffa
1359 2239 1421 2282 est
1449 2241 1578 2284 dosta

331 2312 596 2372 elegansque
620 2310 857 2368 praefatio,
913 2310 959 2351 in
981 2323 1062 2365 qua
1087 2309 1219 2352 etiam
1243 2307 1299 2350 de
1328 2306 1507 2350 amstore
1525 2306 1577 2351 li·-

330 2381 397 2422 bri
425 2379 685 2435 disputatur

429 2445 493 2488 Fx
514 2440 740 2487 Plutarchi
753 2434 979 2503 parallelis
1004 2432 1189 2502 Agesilai
1213 2449 1260 2486 et
1288 2441 1488 2498 Pompeii
1509 2442 1575 2486 vi⁴

235 2565 243 2571 „
327 2518 397 2571 ta,
427 2528 493 2572 gr.
519 2512 647 2559 Paris
671 2510 783 2572 apud
805 2511 974 2561 Anton
998 2507 1296 2570 Augerellum.
1314 2521 1443 2569 1544
1467 2513 1510 2560 8.

1381 2595 1448 2633 2·-
1483 2577 1572 2620 De-

1709 1102 1714 1110 ·
1725 1075 1727 1116 l

1725 1117 1727 1124 ⁴

1707 1273 1715 1285 x
1725 1219 1727 1272 1
