1640 3030
557 311 677 361 PHO
685 301 825 365 TIVS.
1223 320 1288 375 '45
1294 329 1322 372 9

0 465 1 477 ¹
76 447 135 491 ab·
163 445 436 502 imperatore
480 439 632 488 Basilio
665 431 951 496 Macedones
977 434 1053 500 qui
1081 455 1191 486 vero
1222 455 1328 487 eum

76 514 294 558 decennio
328 509 423 568 post
457 508 673 567 restituit,
710 509 874 553 deinde
907 525 929 553 a
949 511 1100 553 Leone
1123 510 1330 567 Sapiente

77 597 116 627 a.
158 580 242 626 Ch.
277 578 385 630 836.
410 585 592 621 naturae
615 578 816 622 debitum
837 578 1086 623 reddidita.
1110 576 1191 623 Ch.
1218 584 1328 635 891.

79 643 499 694 Controuersiarum
530 646 648 689 inter
679 646 868 689 Graecos
902 644 1173 703 Latinosque
1197 647 1335 706 agita-

80 723 227 760 tarum
259 715 341 758 fuit
375 710 515 757 veluti
542 715 708 756 fornes:
744 727 841 758 rem
865 728 971 756 vero
994 712 1208 758 habuerat
1229 726 1333 757 cum

80 782 336 826 hominibus
372 774 574 831 nefariis',
608 787 656 824 et
684 782 729 824 in
751 795 805 825 eo
825 781 1054 838 peccauit,
1091 775 1212 839 quod
1237 794 1336 825 non

80 849 181 895 satis
205 849 357 906 potuit
374 849 569 890 animum
591 856 862 904 temperare.

185 928 227 960 2
265 913 404 958 Multa
426 912 614 970 scripsit:
652 913 876 971 Epistola5‚
911 915 1118 960 aduersus
1140 916 1343 974 Latinosj

82 982 140 1027 de
179 977 456 1039 proceffione
488 981 673 1036 Spiritus
700 982 741 1025 S
773 997 795 1024 a
822 980 917 1025 solo
942 991 1096 1039 patre3
1131 983 1340 1028 aduersus

0 1061 1 1082 ¹
81 1056 288 1094 recentes
313 1046 592 1091 Manichaeos
607 1044 695 1091 fiue
709 1047 994 1103 Paulicianos‚
1018 1042 1344 1096 Nomocanona

4 1120 10 1125 “
82 1117 118 1165 s
139 1116 294 1177 legum
311 1112 604 1171 1mper1al1um
627 1116 828 1172 corporis
848 1115 997 1162 Iustin
1021 1125 1068 1162 et
1090 1132 1246 1162 canon.
1271 1132 1347 1163 ec-

59 1203 64 1207 ·
84 1183 188 1230 cles.
211 1184 499 1230 harmoniam,
528 1190 577 1228 et
598 1180 700 1226 alia:
737 1184 784 1226 in
801 1185 951 1240 primis
973 1186 1259 1230 memoranda
1284 1184 1348 1232 est

87 1247 362 1301 Bibliotheca,
393 1248 621 1294 thesaurus
639 1247 839 1295 infinitae
864 1259 911 1295 et
932 1252 1164 1308 prudentis
1188 1251 1348 1298 lectio-

87 1321 157 1363 nis
183 1317 519 1375 multorumque
544 1316 794 1374 librorum,
826 1333 1017 1376 quorum
1041 1318 1111 1365 vel
1135 1321 1348 1365 notitiam

90 1387 219 1432 dedit
267 1387 491 1443 criticam,
544 1383 617 1429 vel
661 1385 817 1428 eximia
861 1388 1108 1446 fragmenta
1141 1388 1349 1434 seruauit.

92 1453 214 1511 Opus
234 1467 239 1472 ’
261 1452 372 1497 illud
409 1467 592 1497 aureum
632 1453 812 1510 copiose
846 1453 1069 1512 descripsit
1101 1470 1350 1514 omnesque

91 1521 376 1579 scriptores,>
395 1522 469 1579 qui
498 1521 546 1564 in
576 1518 656 1564 illo
695 1520 1017 1574 recensentur,
1042 1521 1173 1566 fufius
1200 1522 1353 1581 perse-

94 1595 258 1651 quutus
281 1588 342 1633 est
372 1587 410 1635 L
433 1583 522 1631 Alb.
550 1582 776 1630 Fabricius
799 1590 844 1632 in
869 1591 912 1633 B.
933 1591 1006 1636 Gr.
1034 1588 1134 1634 Vol.
1160 1592 1236 1635 IX.
1248 1606 1353 1651 pag.

98 1670 197 1716 374
217 1681 272 1691 -
307 1670 420 1715 519.
443 1679 502 1691 —-·
575 1655 707 1701 Adde
731 1653 867 1699 Henr.
895 1655 1097 1712 Valesium
1120 1657 1178 1702 de
1201 1660 1355 1703 critica

94 1723 173 1770 lib.
205 1725 241 1770 Ι.
277 1730 388 1781 capa
412 1737 487 1782 29.
519 1736 620 1783 paga
660 1724 762 1780 176.
800 1737 901 1766 curn
928 1725 1080 1768 Eiusd.
1105 1726 1353 1773 emendate.

95 1806 121 1838 a
154 1794 404 1835 Burmanno
427 1793 478 1834 ΙΙ.
501 1791 655 1836 editis:
694 1790 780 1835 Sed
800 1788 1010 1833 Photium
1033 1791 1161 1848 saepe
1181 1788 1352 1837 finxisse

97 1860 280 1903 nomina
313 1867 360 1902 et
390 1859 571 1902 nomina
601 1858 851 1902 dramatum
877 1857 924 1901 in
957 1867 1112 1914 poetas
1137 1863 1353 1904 transfor-

96 1922 246 1982 maffe,
277 1927 413 1971 docet
439 1924 630 1971 Valcken.
655 1927 702 1970 in
727 1926 856 1970 diatr.
877 1924 976 1982 post
998 1926 1217 1985 Euripidis
1241 1928 1355 1989 Hip.

99 1993 334 2054 polytum‚
365 2008 457 2051 cap.
483 1996 536 2037 11.
557 1991 630 2039 fin.
657 2009 759 2055 pag.
793 2007 865 2049 17.
891 1992 954 2050 sq.

207 2075 257 2120 3.
288 2055 563 2114 Βιβλιοθῆκη
588 2056 843 2120 τέφωτῖου.
878 2061 1129 2113 Librorum,
1154 2077 1266 2119 quos
1288 2059 1355 2107 le-

101 2130 169 2191 git
187 2127 370 2173 Photius
390 2126 649 2185 patriarcha,
681 2135 888 2184 excerpta
909 2136 957 2172 et
977 2128 1211 2172 censurae·
1250 2143 1356 2186 qua-

102 2205 210 2242 tuor
231 2196 346 2240 MSS
372 2195 596 2238 codicibus
623 2209 676 2238 ex
700 2196 902 2246 Graecia,
935 2195 1182 2249 Germania,
1217 2195 1358 2254 Italia,

106 2262 242 2308 Gallia
282 2261 451 2306 collatis
496 2257 654 2304 Dauid.
690 2258 956 2318 Hoeschelius
996 2264 1162 2319 primus
1197 2263 1355 2316 edidit,

105 2332 254 2389 notis,
288 2330 335 2373 in
370 2330 526 2387 quibus
557 2327 696 2373 multa
725 2337 927 2373 veterum
961 2331 1206 2388 fragmenta
1229 2339 1355 2376 ante-

68 2442 72 2450 ]
107 2397 189 2441 hac
220 2398 411 2450 inedita,
464 2395 719 2451 illustrauit,
760 2395 975 2455 Augustae
1016 2396 1353 2443 Vindelicorum

115 2464 259 2509 1601.
296 2463 372 2508 fol.
441 2462 621 2509 Praeter
651 2463 731 2508 alia
751 2465 917 2508 inedita
942 2463 1233 2508 Hoeschelius
1253 2480 1357 2525 pag.

111 2536 228 2589 948.
261 2529 485 2587 epistolam
513 2531 658 2577 Photii
691 2531 898 2588 inseruit,
934 2538 981 2576 et:
1001 2531 1221 2578 subiunxit
1247 2535 1357 2576 eiu>s=

111 2598 217 2646 dem
247 2611 321 2659 35.
345 2598 543 2661 epistolas
568 2623 634 2638 --
665 2597 838 2656 Latine,
862 2607 907 2648 at
927 2600 1068 2648 minus
1086 2601 1229 2659 bene,
1254 2615 1358 2646 ver-

1300 2668 1362 2719 tit
