<?xml version="1.0" encoding="UTF-8"?>
<!DOCTYPE html PUBLIC "-//W3C//DTD XHTML 1.0 Transitional//EN"
    "http://www.w3.org/TR/xhtml1/DTD/xhtml1-transitional.dtd">
<html xmlns="http://www.w3.org/1999/xhtml" xml:lang="en" lang="en">
 <head>
  <title>
</title>
<meta http-equiv="Content-Type" content="text/html;charset=utf-8" />
  <meta name='ocr-system' content='tesseract 3.04.00' />
  <meta name='ocr-capabilities' content='ocr_page ocr_carea ocr_par ocr_line ocrx_word'/>
</head>
<body>
  <div class='ocr_page' id='page_1' title='image "./p1theophilichristo02harluoft_0104.png"; bbox 0 0 1727 3005; ppageno 0'>
   <div class='ocr_carea' id='block_1_1' title="bbox 784 138 793 163">
    <p class='ocr_par' dir='ltr' id='par_1_1' title="bbox 784 138 793 163">
     <span class='ocr_line' id='line_1_1' title="bbox 784 138 793 163; baseline 0 0"><span class='ocrx_word' id='word_1_1' title='bbox 784 138 793 163; x_wconf 62' lang='lat' dir='ltr'>N</span> 
     </span>
    </p>
   </div>
   <div class='ocr_carea' id='block_1_2' title="bbox 335 229 1151 310">
    <p class='ocr_par' dir='ltr' id='par_1_2' title="bbox 335 229 1151 310">
     <span class='ocr_line' id='line_1_2' title="bbox 335 229 1151 310; baseline 0.002 -15"><span class='ocrx_word' id='word_1_2' title='bbox 335 263 399 310; x_wconf 90' lang='lat'>92</span> <span class='ocrx_word' id='word_1_3' title='bbox 422 257 428 265; x_wconf 90' lang='lat'><strong>·</strong></span> <span class='ocrx_word' id='word_1_4' title='bbox 531 229 540 234; x_wconf 57' lang='grc'><strong>“</strong></span> <span class='ocrx_word' id='word_1_5' title='bbox 763 243 1151 297; x_wconf 82' lang='lat' dir='ltr'><em>PLVTARCHVS.</em></span> 
     </span>
    </p>
   </div>
   <div class='ocr_carea' id='block_1_3' title="bbox 325 370 1584 973">
    <p class='ocr_par' dir='ltr' id='par_1_3' title="bbox 326 370 1584 702">
     <span class='ocr_line' id='line_1_3' title="bbox 331 370 1582 434; baseline 0.001 -16"><span class='ocrx_word' id='word_1_6' title='bbox 331 373 408 434; x_wconf 87' lang='lat' dir='ltr'>(n.</span> <span class='ocrx_word' id='word_1_7' title='bbox 432 375 630 426; x_wconf 85' lang='lat' dir='ltr'>Gesneri,</span> <span class='ocrx_word' id='word_1_8' title='bbox 664 375 747 416; x_wconf 86' lang='lat' dir='ltr'>Iac.</span> <span class='ocrx_word' id='word_1_9' title='bbox 770 373 883 418; x_wconf 85' lang='lat' dir='ltr'>Frid.</span> <span class='ocrx_word' id='word_1_10' title='bbox 907 370 1199 432; x_wconf 86' lang='lat' dir='ltr'>Heufingeri‚</span> <span class='ocrx_word' id='word_1_11' title='bbox 1247 375 1323 432; x_wconf 90' lang='lat' dir='ltr'>qui</span> <span class='ocrx_word' id='word_1_12' title='bbox 1353 389 1582 421; x_wconf 86' lang='lat' dir='ltr'>commen·</span> 
     </span>
     <span class='ocr_line' id='line_1_4' title="bbox 329 438 1582 499; baseline -0.002 -12"><span class='ocrx_word' id='word_1_13' title='bbox 329 450 409 488; x_wconf 82' lang='lat' dir='ltr'>tat.</span> <span class='ocrx_word' id='word_1_14' title='bbox 432 444 626 491; x_wconf 75' lang='lat' dir='ltr'>criticam</span> <span class='ocrx_word' id='word_1_15' title='bbox 648 442 694 483; x_wconf 87' lang='lat' dir='ltr'>in</span> <span class='ocrx_word' id='word_1_16' title='bbox 719 439 836 482; x_wconf 81' lang='lat' dir='ltr'>hunc</span> <span class='ocrx_word' id='word_1_17' title='bbox 871 438 1071 484; x_wconf 88' lang='lat' dir='ltr'>libellum</span> <span class='ocrx_word' id='word_1_18' title='bbox 1099 441 1271 484; x_wconf 64' lang='lat' dir='ltr'>doctam</span> <span class='ocrx_word' id='word_1_19' title='bbox 1298 441 1464 499; x_wconf 84' lang='lat' dir='ltr'>scripfit</span> <span class='ocrx_word' id='word_1_20' title='bbox 1491 444 1582 487; x_wconf 90' lang='lat' dir='ltr'>Gu-</span> 
     </span>
     <span class='ocr_line' id='line_1_5' title="bbox 331 507 1582 565; baseline -0.002 -10"><span class='ocrx_word' id='word_1_21' title='bbox 331 509 485 555; x_wconf 86' lang='lat' dir='ltr'>elferb.</span> <span class='ocrx_word' id='word_1_22' title='bbox 525 521 661 565; x_wconf 82' lang='lat'>1751.</span> <span class='ocrx_word' id='word_1_23' title='bbox 692 515 740 551; x_wconf 90' lang='lat' dir='ltr'>et</span> <span class='ocrx_word' id='word_1_24' title='bbox 773 509 804 551; x_wconf 90' lang='grc' dir='ltr'>Ι.</span> <span class='ocrx_word' id='word_1_25' title='bbox 824 509 956 551; x_wconf 87' lang='lat' dir='ltr'>Iacob</span> <span class='ocrx_word' id='word_1_26' title='bbox 983 507 1181 562; x_wconf 83' lang='lat' dir='ltr'>Reiskii)</span> <span class='ocrx_word' id='word_1_27' title='bbox 1228 517 1288 553; x_wconf 90' lang='lat' dir='ltr'>vt-</span> <span class='ocrx_word' id='word_1_28' title='bbox 1311 519 1358 553; x_wconf 87' lang='lat' dir='ltr'>et</span> <span class='ocrx_word' id='word_1_29' title='bbox 1389 511 1582 554; x_wconf 87' lang='lat' dir='ltr'>indicem</span> 
     </span>
     <span class='ocr_line' id='line_1_6' title="bbox 328 573 1584 635; baseline 0.001 -15"><span class='ocrx_word' id='word_1_30' title='bbox 328 576 536 635; x_wconf 88' lang='lat' dir='ltr'>(plenum</span> <span class='ocrx_word' id='word_1_31' title='bbox 560 583 606 619; x_wconf 86' lang='lat' dir='ltr'>et</span> <span class='ocrx_word' id='word_1_32' title='bbox 625 573 942 630; x_wconf 85' lang='lat' dir='ltr'>commodum)</span> <span class='ocrx_word' id='word_1_33' title='bbox 983 590 1193 620; x_wconf 70' lang='lat' dir='ltr'>vocaturn</span> <span class='ocrx_word' id='word_1_34' title='bbox 1226 579 1482 635; x_wconf 66' lang='lat' dir='ltr'>graecarum</span> <span class='ocrx_word' id='word_1_35' title='bbox 1510 578 1584 621; x_wconf 85' lang='lat' dir='ltr'>ad·</span> 
     </span>
     <span class='ocr_line' id='line_1_7' title="bbox 326 639 1581 702; baseline 0.001 -13"><span class='ocrx_word' id='word_1_36' title='bbox 326 639 687 698; x_wconf 65' lang='lat' dir='ltr'>iecit⁶Chrzstiam</span> <span class='ocrx_word' id='word_1_37' title='bbox 708 642 818 702; x_wconf 85' lang='lat' dir='ltr'><em>Aug.</em></span> <span class='ocrx_word' id='word_1_38' title='bbox 842 641 1007 702; x_wconf 70' lang='lat' dir='ltr'>Krzgel‚</span> <span class='ocrx_word' id='word_1_39' title='bbox 1051 646 1102 688; x_wconf 84' lang='lat' dir='ltr'>A.</span> <span class='ocrx_word' id='word_1_40' title='bbox 1117 645 1176 688; x_wconf 81' lang='lat' dir='ltr'>M.</span> <span class='ocrx_word' id='word_1_41' title='bbox 1190 641 1355 700; x_wconf 88' lang='lat' dir='ltr'>Lipfiae</span> <span class='ocrx_word' id='word_1_42' title='bbox 1377 655 1393 685; x_wconf 90' lang='lat'>1</span> <span class='ocrx_word' id='word_1_43' title='bbox 1407 657 1465 700; x_wconf 91' lang='lat'>77</span> <span class='ocrx_word' id='word_1_44' title='bbox 1472 649 1517 701; x_wconf 77' lang='grc'>5.</span> <span class='ocrx_word' id='word_1_45' title='bbox 1533 650 1581 695; x_wconf 69' lang='lat'>8.</span> 
     </span>
    </p>

    <p class='ocr_par' dir='ltr' id='par_1_4' title="bbox 325 709 1583 973">
     <span class='ocr_line' id='line_1_8' title="bbox 437 709 1583 770; baseline -0.002 -16"><span class='ocrx_word' id='word_1_46' title='bbox 437 735 485 742; x_wconf 96' lang='lat'><strong>—</strong></span> <span class='ocrx_word' id='word_1_47' title='bbox 517 709 801 761; x_wconf 84' lang='lat' dir='ltr'>Quaestiones</span> <span class='ocrx_word' id='word_1_48' title='bbox 823 712 1046 754; x_wconf 85' lang='lat' dir='ltr'>Romanae</span> <span class='ocrx_word' id='word_1_49' title='bbox 1071 727 1137 770; x_wconf 85' lang='lat' dir='ltr'>gr.</span> <span class='ocrx_word' id='word_1_50' title='bbox 1163 710 1294 756; x_wconf 85' lang='lat' dir='ltr'>etlat-</span> <span class='ocrx_word' id='word_1_51' title='bbox 1315 725 1413 756; x_wconf 90' lang='lat' dir='ltr'>cum</span> <span class='ocrx_word' id='word_1_52' title='bbox 1437 710 1583 753; x_wconf 86' lang='lat' dir='ltr'>Marci</span> 
     </span>
     <span class='ocr_line' id='line_1_9' title="bbox 326 774 1582 832; baseline 0.001 -10"><span class='ocrx_word' id='word_1_53' title='bbox 326 777 480 822; x_wconf 81' lang='lat' dir='ltr'>Zuerii</span> <span class='ocrx_word' id='word_1_54' title='bbox 508 774 744 820; x_wconf 81' lang='lat' dir='ltr'><em>Boxhorm&#39;i</em></span> <span class='ocrx_word' id='word_1_55' title='bbox 773 782 1122 831; x_wconf 80' lang='lat' dir='ltr'>commentario,</span> <span class='ocrx_word' id='word_1_56' title='bbox 1204 793 1304 832; x_wconf 73' lang='lat' dir='ltr'>cum</span> <span class='ocrx_word' id='word_1_57' title='bbox 1341 778 1582 823; x_wconf 84' lang='lat' dir='ltr'>Boxhornii</span> 
     </span>
     <span class='ocr_line' id='line_1_10' title="bbox 325 844 1582 905; baseline 0.001 -16"><span class='ocrx_word' id='word_1_58' title='bbox 325 844 661 897; x_wconf 83' lang='lat' dir='ltr'>Quaestionibus</span> <span class='ocrx_word' id='word_1_59' title='bbox 685 847 901 899; x_wconf 84' lang='lat' dir='ltr'>romanis,</span> <span class='ocrx_word' id='word_1_60' title='bbox 935 846 1078 905; x_wconf 78' lang='lat' dir='ltr'>Lugd.</span> <span class='ocrx_word' id='word_1_61' title='bbox 1101 847 1145 891; x_wconf 88' lang='lat' dir='ltr'>B.</span> <span class='ocrx_word' id='word_1_62' title='bbox 1180 847 1318 905; x_wconf 81' lang='lat'><em>1637.</em></span> <span class='ocrx_word' id='word_1_63' title='bbox 1342 860 1387 902; x_wconf 82' lang='lat'>4.</span> <span class='ocrx_word' id='word_1_64' title='bbox 1411 855 1458 890; x_wconf 85' lang='lat' dir='ltr'>et</span> <span class='ocrx_word' id='word_1_65' title='bbox 1481 848 1526 890; x_wconf 88' lang='lat' dir='ltr'>in</span> <span class='ocrx_word' id='word_1_66' title='bbox 1546 848 1582 890; x_wconf 92' lang='grc' dir='ltr'>Ι.</span> 
     </span>
     <span class='ocr_line' id='line_1_11' title="bbox 326 912 1580 973; baseline 0.002 -15"><span class='ocrx_word' id='word_1_67' title='bbox 326 915 380 958; x_wconf 84' lang='lat' dir='ltr'>G.</span> <span class='ocrx_word' id='word_1_68' title='bbox 404 914 580 958; x_wconf 85' lang='lat' dir='ltr'>Graeuii</span> <span class='ocrx_word' id='word_1_69' title='bbox 599 912 729 960; x_wconf 88' lang='lat' dir='ltr'>Thes.</span> <span class='ocrx_word' id='word_1_70' title='bbox 754 914 938 972; x_wconf 82' lang='lat' dir='ltr'>Antiqq.</span> <span class='ocrx_word' id='word_1_71' title='bbox 961 916 1089 958; x_wconf 84' lang='lat' dir='ltr'><strong>Rom.</strong></span> <span class='ocrx_word' id='word_1_72' title='bbox 1115 915 1246 959; x_wconf 83' lang='lat' dir='ltr'>Tom.</span> <span class='ocrx_word' id='word_1_73' title='bbox 1263 913 1317 960; x_wconf 86' lang='lat' dir='ltr'>V.</span> <span class='ocrx_word' id='word_1_74' title='bbox 1342 928 1440 973; x_wconf 86' lang='lat' dir='ltr'>pag.</span> <span class='ocrx_word' id='word_1_75' title='bbox 1468 927 1580 973; x_wconf 84' lang='lat'><strong>974·</strong></span> 
     </span>
    </p>
   </div>
   <div class='ocr_carea' id='block_1_4' title="bbox 229 981 417 1039">
    <p class='ocr_par' dir='ltr' id='par_1_5' title="bbox 229 981 417 1039">
     <span class='ocr_line' id='line_1_12' title="bbox 229 981 417 1039; baseline -0.027 -13"><span class='ocrx_word' id='word_1_76' title='bbox 229 991 236 997; x_wconf 88' lang='lat'><strong>&#39;</strong></span> <span class='ocrx_word' id='word_1_77' title='bbox 321 981 417 1039; x_wconf 88' lang='lat' dir='ltr'>sqq.</span> 
     </span>
    </p>
   </div>
   <div class='ocr_carea' id='block_1_5' title="bbox 322 1035 1579 1176">
    <p class='ocr_par' dir='ltr' id='par_1_6' title="bbox 322 1035 1579 1176">
     <span class='ocr_line' id='line_1_13' title="bbox 419 1035 1579 1101; baseline -0.003 -9"><span class='ocrx_word' id='word_1_78' title='bbox 419 1073 478 1082; x_wconf 85' lang='lat'><strong>—</strong></span> <span class='ocrx_word' id='word_1_79' title='bbox 513 1050 582 1092; x_wconf 91' lang='lat' dir='ltr'>De</span> <span class='ocrx_word' id='word_1_80' title='bbox 604 1049 770 1092; x_wconf 83' lang='lat' dir='ltr'>virtute</span> <span class='ocrx_word' id='word_1_81' title='bbox 791 1036 964 1101; x_wconf 65' lang='lat' dir='ltr'>morali,</span> <span class='ocrx_word' id='word_1_82' title='bbox 1000 1049 1177 1098; x_wconf 75' lang='lat' dir='ltr'>editore</span> <span class='ocrx_word' id='word_1_83' title='bbox 1195 1035 1340 1093; x_wconf 72' lang='lat' dir='ltr'>Ioach.v</span> <span class='ocrx_word' id='word_1_84' title='bbox 1357 1048 1579 1094; x_wconf 80' lang='lat' dir='ltr'>Camerar.</span> 
     </span>
     <span class='ocr_line' id='line_1_14' title="bbox 322 1115 1579 1176; baseline -0.002 -16"><span class='ocrx_word' id='word_1_85' title='bbox 322 1116 384 1161; x_wconf 89' lang='lat' dir='ltr'>ita</span> <span class='ocrx_word' id='word_1_86' title='bbox 404 1124 453 1160; x_wconf 85' lang='lat' dir='ltr'>vt</span> <span class='ocrx_word' id='word_1_87' title='bbox 473 1131 653 1176; x_wconf 86' lang='lat' dir='ltr'>graecus</span> <span class='ocrx_word' id='word_1_88' title='bbox 668 1123 814 1160; x_wconf 81' lang='lat' dir='ltr'>textus</span> <span class='ocrx_word' id='word_1_89' title='bbox 837 1115 950 1159; x_wconf 87' lang='lat' dir='ltr'>hanc</span> <span class='ocrx_word' id='word_1_90' title='bbox 968 1115 1086 1159; x_wconf 83' lang='lat' dir='ltr'>suam</span> <span class='ocrx_word' id='word_1_91' title='bbox 1099 1115 1262 1160; x_wconf 87' lang='lat' dir='ltr'>hebeat</span> <span class='ocrx_word' id='word_1_92' title='bbox 1283 1115 1579 1175; x_wconf 81' lang='lat' dir='ltr'>epigraphen:</span> 
     </span>
    </p>
   </div>
   <div class='ocr_carea' id='block_1_6' title="bbox 321 1181 1701 1241">
    <p class='ocr_par' dir='ltr' id='par_1_7' title="bbox 321 1181 1701 1241">
     <span class='ocr_line' id='line_1_15' title="bbox 321 1181 1701 1241; baseline -0.003 -13"><span class='ocrx_word' id='word_1_93' title='bbox 321 1182 497 1228; x_wconf 88' lang='lat' dir='ltr'>libellus</span> <span class='ocrx_word' id='word_1_94' title='bbox 523 1182 633 1227; x_wconf 86' lang='lat' dir='ltr'>Plut.</span> <span class='ocrx_word' id='word_1_95' title='bbox 662 1197 751 1240; x_wconf 84' lang='lat' dir='ltr'>quo</span> <span class='ocrx_word' id='word_1_96' title='bbox 782 1181 1074 1228; x_wconf 82' lang='lat' dir='ltr'>ostenduntur</span> <span class='ocrx_word' id='word_1_97' title='bbox 1103 1184 1413 1234; x_wconf 80' lang='lat' dir='ltr'>fundamenta,</span> <span class='ocrx_word' id='word_1_98' title='bbox 1450 1191 1606 1241; x_wconf 16' lang='lat' dir='ltr'>etex-7</span> <span class='ocrx_word' id='word_1_99' title='bbox 1688 1211 1701 1224; x_wconf 79' lang='grc'><strong><em>,</em></strong></span> 
     </span>
    </p>
   </div>
   <div class='ocr_carea' id='block_1_7' title="bbox 313 1247 1581 2047">
    <p class='ocr_par' dir='ltr' id='par_1_8' title="bbox 313 1247 1581 1913">
     <span class='ocr_line' id='line_1_16' title="bbox 322 1247 1581 1308; baseline -0.002 -14"><span class='ocrx_word' id='word_1_100' title='bbox 322 1250 510 1308; x_wconf 76' lang='lat' dir='ltr'>plicatur</span> <span class='ocrx_word' id='word_1_101' title='bbox 532 1258 683 1294; x_wconf 86' lang='lat' dir='ltr'>totum</span> <span class='ocrx_word' id='word_1_102' title='bbox 705 1247 822 1307; x_wconf 81' lang='lat' dir='ltr'>quasi</span> <span class='ocrx_word' id='word_1_103' title='bbox 844 1249 1091 1293; x_wconf 86' lang='lat' dir='ltr'>aedificium</span> <span class='ocrx_word' id='word_1_104' title='bbox 1115 1251 1341 1295; x_wconf 52' lang='lat' dir='ltr'>doetrinae</span> <span class='ocrx_word' id='word_1_105' title='bbox 1360 1252 1417 1294; x_wconf 91' lang='lat' dir='ltr'>de</span> <span class='ocrx_word' id='word_1_106' title='bbox 1439 1252 1581 1293; x_wconf 86' lang='lat' dir='ltr'>virtu-</span> 
     </span>
     <span class='ocr_line' id='line_1_17' title="bbox 320 1316 1580 1374; baseline -0.003 -12"><span class='ocrx_word' id='word_1_107' title='bbox 320 1327 368 1362; x_wconf 88' lang='lat' dir='ltr'>te</span> <span class='ocrx_word' id='word_1_108' title='bbox 394 1316 576 1371; x_wconf 85' lang='lat' dir='ltr'>morali,</span> <span class='ocrx_word' id='word_1_109' title='bbox 611 1333 723 1374; x_wconf 89' lang='lat' dir='ltr'>quae</span> <span class='ocrx_word' id='word_1_110' title='bbox 743 1316 803 1360; x_wconf 90' lang='lat' dir='ltr'>est</span> <span class='ocrx_word' id='word_1_111' title='bbox 823 1317 1101 1374; x_wconf 82' lang='lat' dir='ltr'>philosophia</span> <span class='ocrx_word' id='word_1_112' title='bbox 1133 1317 1300 1369; x_wconf 84' lang='lat' dir='ltr'>ethica,</span> <span class='ocrx_word' id='word_1_113' title='bbox 1357 1331 1457 1360; x_wconf 90' lang='lat' dir='ltr'>cum</span> <span class='ocrx_word' id='word_1_114' title='bbox 1493 1316 1580 1361; x_wconf 83' lang='lat' dir='ltr'>dis-</span> 
     </span>
     <span class='ocr_line' id='line_1_18' title="bbox 316 1381 1578 1443; baseline -0.001 -15"><span class='ocrx_word' id='word_1_115' title='bbox 316 1386 626 1443; x_wconf 88' lang='lat' dir='ltr'>putationibus</span> <span class='ocrx_word' id='word_1_116' title='bbox 649 1385 908 1442; x_wconf 89' lang='lat' dir='ltr'>quibusdam</span> <span class='ocrx_word' id='word_1_117' title='bbox 929 1384 1158 1428; x_wconf 84' lang='lat' dir='ltr'>Socraticis</span> <span class='ocrx_word' id='word_1_118' title='bbox 1185 1384 1241 1426; x_wconf 89' lang='lat' dir='ltr'>de</span> <span class='ocrx_word' id='word_1_119' title='bbox 1263 1381 1425 1427; x_wconf 85' lang='lat' dir='ltr'>Iustitia</span> <span class='ocrx_word' id='word_1_120' title='bbox 1444 1391 1578 1440; x_wconf 83' lang='lat' dir='ltr'>atque</span> 
     </span>
     <span class='ocr_line' id='line_1_19' title="bbox 318 1449 1579 1507; baseline -0.001 -13"><span class='ocrx_word' id='word_1_121' title='bbox 318 1454 527 1501; x_wconf 82' lang='lat' dir='ltr'>Virtute,</span> <span class='ocrx_word' id='word_1_122' title='bbox 582 1450 669 1507; x_wconf 85' lang='lat' dir='ltr'>(ex</span> <span class='ocrx_word' id='word_1_123' title='bbox 701 1449 915 1503; x_wconf 87' lang='lat' dir='ltr'>Platone,</span> <span class='ocrx_word' id='word_1_124' title='bbox 971 1449 1205 1494; x_wconf 86' lang='lat' dir='ltr'>Plutarcho</span> <span class='ocrx_word' id='word_1_125' title='bbox 1252 1460 1300 1494; x_wconf 85' lang='lat' dir='ltr'>et</span> <span class='ocrx_word' id='word_1_126' title='bbox 1327 1452 1579 1506; x_wconf 74' lang='lat' dir='ltr'>istobaeo.)</span> 
     </span>
     <span class='ocr_line' id='line_1_20' title="bbox 317 1514 1575 1576; baseline -0.001 -13"><span class='ocrx_word' id='word_1_127' title='bbox 317 1514 523 1575; x_wconf 78' lang='lat' dir='ltr'>Expressa</span> <span class='ocrx_word' id='word_1_128' title='bbox 546 1515 738 1575; x_wconf 84' lang='lat' dir='ltr'>Lipfiae,</span> <span class='ocrx_word' id='word_1_129' title='bbox 769 1514 967 1562; x_wconf 69' lang='lat' dir='ltr'>&#39;curante</span> <span class='ocrx_word' id='word_1_130' title='bbox 998 1518 1104 1560; x_wconf 87' lang='lat' dir='ltr'>Ern.</span> <span class='ocrx_word' id='word_1_131' title='bbox 1129 1516 1319 1576; x_wconf 85' lang='lat' dir='ltr'>Voegel.</span> <span class='ocrx_word' id='word_1_132' title='bbox 1344 1519 1391 1561; x_wconf 89' lang='lat' dir='ltr'>in</span> <span class='ocrx_word' id='word_1_133' title='bbox 1417 1524 1459 1569; x_wconf 82' lang='lat'>8.</span> <span class='ocrx_word' id='word_1_134' title='bbox 1484 1515 1575 1562; x_wconf 83' lang='lat' dir='ltr'>fine</span> 
     </span>
     <span class='ocr_line' id='line_1_21' title="bbox 318 1582 1578 1641; baseline -0.002 -11"><span class='ocrx_word' id='word_1_135' title='bbox 318 1588 421 1630; x_wconf 88' lang='lat' dir='ltr'>anni</span> <span class='ocrx_word' id='word_1_136' title='bbox 444 1586 624 1630; x_wconf 76' lang='lat' dir='ltr'>indicio.</span> <span class='ocrx_word' id='word_1_137' title='bbox 649 1582 846 1641; x_wconf 80' lang='lat'>(1571.)</span> <span class='ocrx_word' id='word_1_138' title='bbox 893 1586 1214 1641; x_wconf 87' lang='lat' dir='ltr'>Interpretatio</span> <span class='ocrx_word' id='word_1_139' title='bbox 1249 1592 1399 1628; x_wconf 87' lang='lat' dir='ltr'>autem</span> <span class='ocrx_word' id='word_1_140' title='bbox 1433 1593 1481 1629; x_wconf 87' lang='lat' dir='ltr'>et</span> <span class='ocrx_word' id='word_1_141' title='bbox 1502 1585 1578 1628; x_wconf 86' lang='lat' dir='ltr'>ad·</span> 
     </span>
     <span class='ocr_line' id='line_1_22' title="bbox 316 1650 1575 1711; baseline -0.003 -12"><span class='ocrx_word' id='word_1_142' title='bbox 316 1655 577 1699; x_wconf 88' lang='lat' dir='ltr'>notationes</span> <span class='ocrx_word' id='word_1_143' title='bbox 622 1651 816 1696; x_wconf 85' lang='lat' dir='ltr'>seorsum</span> <span class='ocrx_word' id='word_1_144' title='bbox 861 1650 1038 1693; x_wconf 86' lang='lat' dir='ltr'>excusae</span> <span class='ocrx_word' id='word_1_145' title='bbox 1075 1650 1242 1695; x_wconf 88' lang='lat' dir='ltr'>habent</span> <span class='ocrx_word' id='word_1_146' title='bbox 1277 1651 1575 1711; x_wconf 85' lang='lat' dir='ltr'>epigraphen:</span> 
     </span>
     <span class='ocr_line' id='line_1_23' title="bbox 316 1714 1576 1775; baseline 0.002 -15"><span class='ocrx_word' id='word_1_147' title='bbox 316 1719 435 1765; x_wconf 79' lang='lat' dir='ltr'>Plut.</span> <span class='ocrx_word' id='word_1_148' title='bbox 461 1714 589 1763; x_wconf 81' lang='lat' dir='ltr'>libell.</span> <span class='ocrx_word' id='word_1_149' title='bbox 616 1719 672 1761; x_wconf 86' lang='lat' dir='ltr'>de</span> <span class='ocrx_word' id='word_1_150' title='bbox 695 1719 861 1762; x_wconf 81' lang='lat' dir='ltr'>virtute</span> <span class='ocrx_word' id='word_1_151' title='bbox 894 1716 1050 1761; x_wconf 86' lang='lat' dir='ltr'>morali</span> <span class='ocrx_word' id='word_1_152' title='bbox 1071 1741 1137 1750; x_wconf 90' lang='grc'>--</span> <span class='ocrx_word' id='word_1_153' title='bbox 1159 1733 1242 1762; x_wconf 85' lang='lat' dir='ltr'>vna</span> <span class='ocrx_word' id='word_1_154' title='bbox 1267 1733 1369 1762; x_wconf 85' lang='lat' dir='ltr'>cum</span> <span class='ocrx_word' id='word_1_155' title='bbox 1389 1718 1576 1775; x_wconf 84' lang='lat' dir='ltr'>explica-</span> 
     </span>
     <span class='ocr_line' id='line_1_24' title="bbox 313 1782 1577 1844; baseline -0.003 -12"><span class='ocrx_word' id='word_1_156' title='bbox 313 1790 442 1833; x_wconf 78' lang='lat' dir='ltr'>tione</span> <span class='ocrx_word' id='word_1_157' title='bbox 466 1787 807 1844; x_wconf 81' lang='lat' dir='ltr'>praecipuorum</span> <span class='ocrx_word' id='word_1_158' title='bbox 822 1784 1042 1829; x_wconf 83' lang='lat' dir='ltr'>&#39;locorum</span> <span class='ocrx_word' id='word_1_159' title='bbox 1057 1810 1112 1819; x_wconf 90' lang='lat'>—</span> <span class='ocrx_word' id='word_1_160' title='bbox 1133 1785 1311 1830; x_wconf 53' lang='lat' dir='ltr'>auclore</span> <span class='ocrx_word' id='word_1_161' title='bbox 1333 1782 1467 1828; x_wconf 81' lang='lat' dir='ltr'><em>Ioach.</em></span> <span class='ocrx_word' id='word_1_162' title='bbox 1495 1785 1577 1828; x_wconf 83' lang='lat' dir='ltr'>Ca-</span> 
     </span>
     <span class='ocr_line' id='line_1_25' title="bbox 313 1853 666 1913; baseline -0.011 -14"><span class='ocrx_word' id='word_1_163' title='bbox 313 1857 527 1913; x_wconf 68' lang='grc' dir='ltr'>κπενανίο,</span> <span class='ocrx_word' id='word_1_164' title='bbox 562 1853 666 1896; x_wconf 87' lang='lat' dir='ltr'>ibid.</span> 
     </span>
    </p>

    <p class='ocr_par' dir='ltr' id='par_1_9' title="bbox 313 1913 1575 2047">
     <span class='ocr_line' id='line_1_26' title="bbox 414 1913 1575 1981; baseline -0.003 -15"><span class='ocrx_word' id='word_1_165' title='bbox 414 1945 480 1954; x_wconf 89' lang='lat'>——</span> <span class='ocrx_word' id='word_1_166' title='bbox 514 1923 583 1966; x_wconf 84' lang='lat' dir='ltr'>De</span> <span class='ocrx_word' id='word_1_167' title='bbox 609 1922 776 1964; x_wconf 78' lang='lat' dir='ltr'>virtute</span> <span class='ocrx_word' id='word_1_168' title='bbox 793 1916 966 1968; x_wconf 87' lang='lat' dir='ltr'>morali,</span> <span class='ocrx_word' id='word_1_169' title='bbox 1001 1920 1053 1963; x_wconf 87' lang='lat' dir='ltr'>ab</span> <span class='ocrx_word' id='word_1_170' title='bbox 1067 1913 1202 1961; x_wconf 85' lang='lat' dir='ltr'><em>Andr.</em></span> <span class='ocrx_word' id='word_1_171' title='bbox 1225 1915 1421 1961; x_wconf 76' lang='lat' dir='ltr'>Mattheo</span> <span class='ocrx_word' id='word_1_172' title='bbox 1440 1918 1575 1981; x_wconf 83' lang='lat' dir='ltr'><em>Aqui-</em></span> 
     </span>
     <span class='ocr_line' id='line_1_27' title="bbox 313 1985 1573 2047; baseline 0 -14"><span class='ocrx_word' id='word_1_173' title='bbox 313 1992 462 2042; x_wconf 80' lang='lat' dir='ltr'><strong><em>ut&#39;ut&#39;0‚-</em></strong></span> <span class='ocrx_word' id='word_1_174' title='bbox 514 1989 844 2032; x_wconf 82' lang='lat' dir='ltr'>Hadrianorum</span> <span class='ocrx_word' id='word_1_175' title='bbox 888 1987 1028 2038; x_wconf 85' lang='lat' dir='ltr'>duce,</span> <span class='ocrx_word' id='word_1_176' title='bbox 1097 2002 1164 2047; x_wconf 82' lang='lat' dir='ltr'>gr.</span> <span class='ocrx_word' id='word_1_177' title='bbox 1200 1996 1249 2032; x_wconf 88' lang='lat' dir='ltr'>et</span> <span class='ocrx_word' id='word_1_178' title='bbox 1279 1986 1355 2033; x_wconf 88' lang='lat' dir='ltr'>lat.</span> <span class='ocrx_word' id='word_1_179' title='bbox 1384 1985 1573 2045; x_wconf 85' lang='lat' dir='ltr'>Neapol.</span> 
     </span>
    </p>
   </div>
   <div class='ocr_carea' id='block_1_8' title="bbox 321 2050 1663 2114">
    <p class='ocr_par' dir='ltr' id='par_1_10' title="bbox 321 2035 1707 2114">
     <span class='ocr_line' id='line_1_28' title="bbox 321 2050 1663 2114; baseline -0.005 -11"><span class='ocrx_word' id='word_1_180' title='bbox 321 2073 340 2103; x_wconf 86' lang='lat'>1</span> <span class='ocrx_word' id='word_1_181' title='bbox 356 2064 464 2114; x_wconf 84' lang='lat'>526.</span> <span class='ocrx_word' id='word_1_182' title='bbox 485 2055 563 2101; x_wconf 86' lang='lat' dir='ltr'>fol.</span> <span class='ocrx_word' id='word_1_183' title='bbox 584 2053 698 2099; x_wconf 81' lang='lat' dir='ltr'>liber</span> <span class='ocrx_word' id='word_1_184' title='bbox 710 2055 948 2098; x_wconf 85' lang='lat' dir='ltr'>admodum</span> <span class='ocrx_word' id='word_1_185' title='bbox 965 2069 1195 2111; x_wconf 42' lang='lat' dir='ltr'>raruQ—</span> <span class='ocrx_word' id='word_1_186' title='bbox 1240 2050 1357 2099; x_wconf 74' lang='lat' dir='ltr'>Plut.</span> <span class='ocrx_word' id='word_1_187' title='bbox 1385 2056 1572 2111; x_wconf 88' lang='lat' dir='ltr'>opuscu-</span> <span class='ocrx_word' id='word_1_188' title='bbox 1659 2081 1663 2084; x_wconf 90' lang='lat'><em>-</em></span> 
     </span>
    </p>
   </div>
   <div class='ocr_carea' id='block_1_9' title="bbox 311 2120 1571 2639">
    <p class='ocr_par' dir='ltr' id='par_1_11' title="bbox 311 2120 1571 2590">
     <span class='ocr_line' id='line_1_29' title="bbox 311 2120 1571 2181; baseline -0.002 -11"><span class='ocrx_word' id='word_1_189' title='bbox 311 2125 353 2170; x_wconf 81' lang='lat' dir='ltr'>la</span> <span class='ocrx_word' id='word_1_190' title='bbox 379 2123 582 2176; x_wconf 76' lang='lat' dir='ltr'>moralia,</span> <span class='ocrx_word' id='word_1_191' title='bbox 630 2121 779 2166; x_wconf 89' lang='lat' dir='ltr'>multis</span> <span class='ocrx_word' id='word_1_192' title='bbox 810 2122 1071 2165; x_wconf 80' lang='lat' dir='ltr'>mendarum</span> <span class='ocrx_word' id='word_1_193' title='bbox 1102 2120 1292 2166; x_wconf 87' lang='lat' dir='ltr'>millibus</span> <span class='ocrx_word' id='word_1_194' title='bbox 1317 2130 1571 2181; x_wconf 75' lang='lat' dir='ltr'>expurgata.</span> 
     </span>
     <span class='ocr_line' id='line_1_30' title="bbox 313 2188 1570 2247; baseline -0.003 -10"><span class='ocrx_word' id='word_1_195' title='bbox 313 2195 390 2238; x_wconf 86' lang='lat' dir='ltr'>Gr.</span> <span class='ocrx_word' id='word_1_196' title='bbox 408 2190 590 2236; x_wconf 82' lang='lat' dir='ltr'>Bafileae</span> <span class='ocrx_word' id='word_1_197' title='bbox 615 2190 729 2247; x_wconf 88' lang='lat' dir='ltr'>apud</span> <span class='ocrx_word' id='word_1_198' title='bbox 751 2191 942 2237; x_wconf 77' lang='lat' dir='ltr'>Froben.</span> <span class='ocrx_word' id='word_1_199' title='bbox 970 2202 1090 2246; x_wconf 86' lang='lat'>1542</span> <span class='ocrx_word' id='word_1_200' title='bbox 1117 2188 1194 2233; x_wconf 89' lang='lat' dir='ltr'>fol.</span> <span class='ocrx_word' id='word_1_201' title='bbox 1229 2213 1287 2222; x_wconf 85' lang='lat'>—-</span> <span class='ocrx_word' id='word_1_202' title='bbox 1328 2190 1384 2234; x_wconf 92' lang='lat' dir='ltr'>de</span> <span class='ocrx_word' id='word_1_203' title='bbox 1405 2191 1570 2234; x_wconf 83' lang='lat' dir='ltr'>virtute</span> 
     </span>
     <span class='ocr_line' id='line_1_31' title="bbox 312 2255 1570 2318; baseline -0.004 -13"><span class='ocrx_word' id='word_1_204' title='bbox 312 2259 486 2312; x_wconf 83' lang='lat' dir='ltr'>morali,</span> <span class='ocrx_word' id='word_1_205' title='bbox 520 2274 584 2318; x_wconf 85' lang='lat' dir='ltr'>gr.</span> <span class='ocrx_word' id='word_1_206' title='bbox 608 2267 657 2303; x_wconf 88' lang='lat' dir='ltr'>et</span> <span class='ocrx_word' id='word_1_207' title='bbox 678 2256 751 2302; x_wconf 83' lang='lat' dir='ltr'>lat.</span> <span class='ocrx_word' id='word_1_208' title='bbox 781 2255 972 2318; x_wconf 77' lang='lat' dir='ltr'>Valgulio</span> <span class='ocrx_word' id='word_1_209' title='bbox 999 2258 1264 2313; x_wconf 84' lang='lat' dir='ltr'>interprete.</span> <span class='ocrx_word' id='word_1_210' title='bbox 1299 2258 1428 2300; x_wconf 80' lang='lat' dir='ltr'>Paris.</span> <span class='ocrx_word' id='word_1_211' title='bbox 1454 2257 1570 2313; x_wconf 89' lang='lat' dir='ltr'>apud</span> 
     </span>
     <span class='ocr_line' id='line_1_32' title="bbox 314 2324 1568 2382; baseline -0.002 -9"><span class='ocrx_word' id='word_1_212' title='bbox 314 2326 431 2374; x_wconf 74' lang='lat' dir='ltr'>Guil.</span> <span class='ocrx_word' id='word_1_213' title='bbox 450 2324 609 2371; x_wconf 82' lang='lat' dir='ltr'>Morel.</span> <span class='ocrx_word' id='word_1_214' title='bbox 629 2338 647 2370; x_wconf 96' lang='lat'>1</span> <span class='ocrx_word' id='word_1_215' title='bbox 661 2337 769 2382; x_wconf 85' lang='lat'>555.</span> <span class='ocrx_word' id='word_1_216' title='bbox 788 2338 834 2381; x_wconf 77' lang='lat'>4.</span> <span class='ocrx_word' id='word_1_217' title='bbox 848 2338 1066 2381; x_wconf 82' lang='lat' dir='ltr'>—graece</span> <span class='ocrx_word' id='word_1_218' title='bbox 1080 2324 1183 2366; x_wconf 82' lang='lat' dir='ltr'>ibid.</span> <span class='ocrx_word' id='word_1_219' title='bbox 1199 2339 1265 2380; x_wconf 75' lang='lat' dir='ltr'>ap.</span> <span class='ocrx_word' id='word_1_220' title='bbox 1280 2325 1341 2370; x_wconf 90' lang='lat' dir='ltr'>Io.</span> <span class='ocrx_word' id='word_1_221' title='bbox 1356 2324 1568 2370; x_wconf 80' lang='lat' dir='ltr'>Benenat-</span> 
     </span>
     <span class='ocr_line' id='line_1_33' title="bbox 319 2383 1568 2452; baseline -0.004 -13"><span class='ocrx_word' id='word_1_222' title='bbox 319 2405 458 2452; x_wconf 82' lang='lat'>1570.</span> <span class='ocrx_word' id='word_1_223' title='bbox 483 2408 527 2452; x_wconf 88' lang='lat'>4.</span> <span class='ocrx_word' id='word_1_224' title='bbox 562 2419 620 2427; x_wconf 91' lang='lat'>—</span> <span class='ocrx_word' id='word_1_225' title='bbox 655 2394 725 2437; x_wconf 90' lang='lat' dir='ltr'>De</span> <span class='ocrx_word' id='word_1_226' title='bbox 748 2390 1063 2448; x_wconf 80' lang='lat' dir='ltr'>tranquillitate</span> <span class='ocrx_word' id='word_1_227' title='bbox 1086 2399 1134 2434; x_wconf 90' lang='lat' dir='ltr'>et</span> <span class='ocrx_word' id='word_1_228' title='bbox 1165 2391 1395 2435; x_wconf 87' lang='lat' dir='ltr'>securitate</span> <span class='ocrx_word' id='word_1_229' title='bbox 1419 2383 1568 2444; x_wconf 84' lang='lat' dir='ltr'>animi,</span> 
     </span>
     <span class='ocr_line' id='line_1_34' title="bbox 313 2457 1568 2525; baseline -0.006 -19"><span class='ocrx_word' id='word_1_230' title='bbox 313 2477 484 2525; x_wconf 77' lang='lat' dir='ltr'>graece.</span> <span class='ocrx_word' id='word_1_231' title='bbox 518 2462 650 2506; x_wconf 79' lang='lat' dir='ltr'>Paris.</span> <span class='ocrx_word' id='word_1_232' title='bbox 677 2460 837 2503; x_wconf 83' lang='lat' dir='ltr'>excud.</span> <span class='ocrx_word' id='word_1_233' title='bbox 855 2459 918 2501; x_wconf 92' lang='lat' dir='ltr'>Io.</span> <span class='ocrx_word' id='word_1_234' title='bbox 940 2457 1111 2501; x_wconf 89' lang='lat' dir='ltr'>Lodoic</span> <span class='ocrx_word' id='word_1_235' title='bbox 1141 2457 1390 2515; x_wconf 85' lang='lat' dir='ltr'>Tiletanus,</span> <span class='ocrx_word' id='word_1_236' title='bbox 1428 2470 1568 2518; x_wconf 79' lang='lat'>1537,</span> 
     </span>
     <span class='ocr_line' id='line_1_35' title="bbox 315 2523 1566 2590; baseline -0.003 -17"><span class='ocrx_word' id='word_1_237' title='bbox 315 2537 358 2585; x_wconf 77' lang='lat'>8.</span> <span class='ocrx_word' id='word_1_238' title='bbox 393 2561 443 2569; x_wconf 92' lang='grc'>-</span> <span class='ocrx_word' id='word_1_239' title='bbox 473 2528 528 2573; x_wconf 88' lang='lat' dir='ltr'>de</span> <span class='ocrx_word' id='word_1_240' title='bbox 543 2527 675 2572; x_wconf 85' lang='lat' dir='ltr'>animi</span> <span class='ocrx_word' id='word_1_241' title='bbox 695 2523 1027 2584; x_wconf 85' lang='lat' dir='ltr'>tranquillitate,</span> <span class='ocrx_word' id='word_1_242' title='bbox 1061 2539 1128 2586; x_wconf 81' lang='lat' dir='ltr'>gr.</span> <span class='ocrx_word' id='word_1_243' title='bbox 1163 2524 1327 2584; x_wconf 72' lang='lat' dir='ltr'>Lipsiae</span> <span class='ocrx_word' id='word_1_244' title='bbox 1355 2539 1498 2590; x_wconf 86' lang='lat'><em>1779.</em></span> <span class='ocrx_word' id='word_1_245' title='bbox 1523 2531 1566 2577; x_wconf 86' lang='lat'>8.</span> 
     </span>
    </p>

    <p class='ocr_par' dir='ltr' id='par_1_12' title="bbox 998 2591 1566 2639">
     <span class='ocr_line' id='line_1_36' title="bbox 998 2591 1566 2639; baseline -0.005 1"><span class='ocrx_word' id='word_1_246' title='bbox 998 2616 1004 2621; x_wconf 90' lang='lat'>·</span> <span class='ocrx_word' id='word_1_247' title='bbox 1417 2591 1566 2639; x_wconf 88' lang='lat' dir='ltr'>Dialo-</span> 
     </span>
    </p>
   </div>
   <div class='ocr_carea' id='block_1_10' title="bbox 1705 0 1727 3005">
    <p class='ocr_par' dir='ltr' id='par_1_13' title="bbox 1705 0 1727 3005">
     <span class='ocr_line' id='line_1_37' title="bbox 1705 0 1727 3005; baseline 0 0"><span class='ocrx_word' id='word_1_248' title='bbox 1705 0 1727 3005; x_wconf 95' lang='lat' dir='ltr'> </span> 
     </span>
    </p>
   </div>
  </div>
 </body>
</html>
