<?xml version="1.0" encoding="UTF-8"?>
<!DOCTYPE html PUBLIC "-//W3C//DTD XHTML 1.0 Transitional//EN"
    "http://www.w3.org/TR/xhtml1/DTD/xhtml1-transitional.dtd">
<html xmlns="http://www.w3.org/1999/xhtml" xml:lang="en" lang="en">
 <head>
  <title>
</title>
<meta http-equiv="Content-Type" content="text/html;charset=utf-8" />
  <meta name='ocr-system' content='tesseract 3.04.00' />
  <meta name='ocr-capabilities' content='ocr_page ocr_carea ocr_par ocr_line ocrx_word'/>
</head>
<body>
  <div class='ocr_page' id='page_1' title='image "./p1theophilichristo02harluoft_0388.png"; bbox 0 0 1686 3025; ppageno 0'>
   <div class='ocr_carea' id='block_1_1' title="bbox 230 202 995 280">
    <p class='ocr_par' dir='ltr' id='par_1_1' title="bbox 230 202 995 280">
     <span class='ocr_line' id='line_1_1' title="bbox 230 202 995 280; baseline -0.001 -28"><span class='ocrx_word' id='word_1_1' title='bbox 230 205 322 268; x_wconf 77' lang='lat'>375</span> <span class='ocrx_word' id='word_1_2' title='bbox 725 202 995 280; x_wconf 74' lang='lat' dir='ltr'>PROCLVS.</span> 
     </span>
    </p>
   </div>
   <div class='ocr_carea' id='block_1_2' title="bbox 227 326 1509 524">
    <p class='ocr_par' dir='ltr' id='par_1_2' title="bbox 227 326 1509 524">
     <span class='ocr_line' id='line_1_2' title="bbox 231 326 1497 391; baseline 0.002 -17"><span class='ocrx_word' id='word_1_3' title='bbox 231 345 284 374; x_wconf 86' lang='lat' dir='ltr'>ce</span> <span class='ocrx_word' id='word_1_4' title='bbox 306 327 514 376; x_wconf 80' lang='lat' dir='ltr'>et&#39;latine</span> <span class='ocrx_word' id='word_1_5' title='bbox 538 329 748 374; x_wconf 85' lang='lat' dir='ltr'>Geneuae</span> <span class='ocrx_word' id='word_1_6' title='bbox 778 328 915 374; x_wconf 89' lang='lat'><em>1606.</em></span> <span class='ocrx_word' id='word_1_7' title='bbox 944 326 1019 373; x_wconf 89' lang='lat' dir='ltr'><strong>fol.</strong></span> <span class='ocrx_word' id='word_1_8' title='bbox 1049 344 1148 391; x_wconf 90' lang='lat' dir='ltr'>pag.</span> <span class='ocrx_word' id='word_1_9' title='bbox 1174 342 1289 391; x_wconf 86' lang='lat'><strong>737.</strong></span> <span class='ocrx_word' id='word_1_10' title='bbox 1308 352 1360 366; x_wconf 61' lang='lat' dir='ltr'>u·-</span> <span class='ocrx_word' id='word_1_11' title='bbox 1381 329 1497 376; x_wconf 79' lang='lat' dir='ltr'>duos</span> 
     </span>
     <span class='ocr_line' id='line_1_3' title="bbox 227 392 1509 457; baseline 0.001 -15"><span class='ocrx_word' id='word_1_12' title='bbox 227 396 394 443; x_wconf 82' lang='lat' dir='ltr'>horum</span> <span class='ocrx_word' id='word_1_13' title='bbox 420 413 490 457; x_wconf 83' lang='lat' dir='ltr'><strong>gr.</strong></span> <span class='ocrx_word' id='word_1_14' title='bbox 518 406 566 442; x_wconf 87' lang='lat' dir='ltr'>et</span> <span class='ocrx_word' id='word_1_15' title='bbox 587 396 662 443; x_wconf 84' lang='lat' dir='ltr'><strong>lat.</strong></span> <span class='ocrx_word' id='word_1_16' title='bbox 684 397 827 442; x_wconf 81' lang='lat' dir='ltr'><strong>edidit</strong></span> <span class='ocrx_word' id='word_1_17' title='bbox 845 392 967 443; x_wconf 84' lang='lat' dir='ltr'><strong>Frid.</strong></span> <span class='ocrx_word' id='word_1_18' title='bbox 1008 396 1177 442; x_wconf 83' lang='lat' dir='ltr'>Morell.</span> <span class='ocrx_word' id='word_1_19' title='bbox 1207 401 1345 451; x_wconf 87' lang='lat'><strong>1618.</strong></span> <span class='ocrx_word' id='word_1_20' title='bbox 1375 404 1418 451; x_wconf 88' lang='lat'><strong>8.</strong></span> <span class='ocrx_word' id='word_1_21' title='bbox 1443 401 1509 433; x_wconf 85' lang='lat'>—&#39;</span> 
     </span>
     <span class='ocr_line' id='line_1_4' title="bbox 231 461 1501 524; baseline 0.004 -15"><span class='ocrx_word' id='word_1_22' title='bbox 231 475 428 523; x_wconf 83' lang='lat' dir='ltr'>quatuor</span> <span class='ocrx_word' id='word_1_23' title='bbox 462 465 580 522; x_wconf 85' lang='lat' dir='ltr'>ipsos</span> <span class='ocrx_word' id='word_1_24' title='bbox 612 461 790 510; x_wconf 75' lang='lat' dir='ltr'>Godofr.</span> <span class='ocrx_word' id='word_1_25' title='bbox 815 463 1035 519; x_wconf 81' lang='lat' dir='ltr'><em>Olearius,</em></span> <span class='ocrx_word' id='word_1_26' title='bbox 1070 462 1237 524; x_wconf 87' lang='lat' dir='ltr'>Lipfiae</span> <span class='ocrx_word' id='word_1_27' title='bbox 1277 479 1414 522; x_wconf 90' lang='lat'><em>1700.</em></span> <span class='ocrx_word' id='word_1_28' title='bbox 1453 471 1501 519; x_wconf 85' lang='grc'>8.</span> 
     </span>
    </p>
   </div>
   <div class='ocr_carea' id='block_1_3' title="bbox 235 529 1573 582">
    <p class='ocr_par' dir='ltr' id='par_1_3' title="bbox 235 529 1573 582">
     <span class='ocr_line' id='line_1_5' title="bbox 235 529 1573 582; baseline 0.002 -4"><span class='ocrx_word' id='word_1_29' title='bbox 235 542 284 578; x_wconf 88' lang='lat' dir='ltr'>et</span> <span class='ocrx_word' id='word_1_30' title='bbox 304 548 405 576; x_wconf 86' lang='lat' dir='ltr'>curn</span> <span class='ocrx_word' id='word_1_31' title='bbox 435 533 557 577; x_wconf 88' lang='lat' dir='ltr'>notis</span> <span class='ocrx_word' id='word_1_32' title='bbox 592 533 676 577; x_wconf 85' lang='lat' dir='ltr'>suis</span> <span class='ocrx_word' id='word_1_33' title='bbox 701 529 895 576; x_wconf 79' lang='lat' dir='ltr'>Michael</span> <span class='ocrx_word' id='word_1_34' title='bbox 915 532 1156 576; x_wconf 83' lang='lat' dir='ltr'>Maittaire</span> <span class='ocrx_word' id='word_1_35' title='bbox 1189 535 1236 578; x_wconf 90' lang='lat' dir='ltr'>in</span> <span class='ocrx_word' id='word_1_36' title='bbox 1261 532 1501 582; x_wconf 71' lang='lat' dir='ltr'>miscellan.</span> <span class='ocrx_word' id='word_1_37' title='bbox 1571 553 1573 559; x_wconf 68' lang='grc'><em>’</em></span> 
     </span>
    </p>
   </div>
   <div class='ocr_carea' id='block_1_4' title="bbox 233 599 1534 1002">
    <p class='ocr_par' dir='ltr' id='par_1_4' title="bbox 233 599 1534 1002">
     <span class='ocr_line' id='line_1_6' title="bbox 234 599 1508 660; baseline 0.001 -17"><span class='ocrx_word' id='word_1_38' title='bbox 234 614 503 660; x_wconf 83' lang='lat' dir='ltr'>graecorum</span> <span class='ocrx_word' id='word_1_39' title='bbox 523 599 695 659; x_wconf 81' lang='lat' dir='ltr'>aliquot</span> <span class='ocrx_word' id='word_1_40' title='bbox 718 600 986 660; x_wconf 80' lang='lat' dir='ltr'>scriptorum</span> <span class='ocrx_word' id='word_1_41' title='bbox 1019 603 1299 654; x_wconf 77' lang='lat' dir='ltr'>carminibus,</span> <span class='ocrx_word' id='word_1_42' title='bbox 1332 601 1508 645; x_wconf 70' lang='lat' dir='ltr'>Londi·</span> 
     </span>
     <span class='ocr_line' id='line_1_7' title="bbox 234 667 1503 727; baseline 0 -15"><span class='ocrx_word' id='word_1_43' title='bbox 234 669 285 712; x_wconf 83' lang='lat' dir='ltr'>ni</span> <span class='ocrx_word' id='word_1_44' title='bbox 320 679 458 725; x_wconf 86' lang='lat'><strong>1722.</strong></span> <span class='ocrx_word' id='word_1_45' title='bbox 487 682 536 726; x_wconf 84' lang='lat'><strong>4.</strong></span> <span class='ocrx_word' id='word_1_46' title='bbox 569 683 619 714; x_wconf 86' lang='lat' dir='ltr'>ac</span> <span class='ocrx_word' id='word_1_47' title='bbox 653 669 725 714; x_wconf 81' lang='lat' dir='ltr'>sex</span> <span class='ocrx_word' id='word_1_48' title='bbox 761 670 951 727; x_wconf 79' lang='lat' dir='ltr'>hymnos</span> <span class='ocrx_word' id='word_1_49' title='bbox 985 669 1158 713; x_wconf 83' lang='lat' dir='ltr'><em>Brunck</em></span> <span class='ocrx_word' id='word_1_50' title='bbox 1193 670 1242 714; x_wconf 89' lang='lat' dir='ltr'>in</span> <span class='ocrx_word' id='word_1_51' title='bbox 1282 667 1503 717; x_wconf 72' lang='lat' dir='ltr'>Analeffls</span> 
     </span>
     <span class='ocr_line' id='line_1_8' title="bbox 233 735 1534 799; baseline 0 -19"><span class='ocrx_word' id='word_1_52' title='bbox 233 742 349 781; x_wconf 81' lang='lat' dir='ltr'>vett.</span> <span class='ocrx_word' id='word_1_53' title='bbox 380 744 507 794; x_wconf 85' lang='lat' dir='ltr'>poet.</span> <span class='ocrx_word' id='word_1_54' title='bbox 536 752 603 797; x_wconf 80' lang='lat' dir='ltr'><strong>gr.</strong></span> <span class='ocrx_word' id='word_1_55' title='bbox 634 735 737 784; x_wconf 92' lang='lat' dir='ltr'><strong>Vol.</strong></span> <span class='ocrx_word' id='word_1_56' title='bbox 767 739 824 785; x_wconf 90' lang='lat' dir='ltr'><strong>II.</strong></span> <span class='ocrx_word' id='word_1_57' title='bbox 853 754 954 799; x_wconf 85' lang='lat' dir='ltr'>pag.</span> <span class='ocrx_word' id='word_1_58' title='bbox 984 750 1102 797; x_wconf 76' lang='lat'><strong>441.</strong></span> <span class='ocrx_word' id='word_1_59' title='bbox 1137 737 1230 797; x_wconf 89' lang='lat' dir='ltr'><strong>sqq.</strong></span> <span class='ocrx_word' id='word_1_60' title='bbox 1260 759 1329 772; x_wconf 89' lang='lat'><em>-</em></span> <span class='ocrx_word' id='word_1_61' title='bbox 1358 735 1534 781; x_wconf 66' lang='lat' dir='ltr'>Procl&#39;v‘</span> 
     </span>
     <span class='ocr_line' id='line_1_9' title="bbox 234 803 1511 868; baseline 0.001 -21"><span class='ocrx_word' id='word_1_62' title='bbox 234 804 300 848; x_wconf 89' lang='lat' dir='ltr'><strong>H.</strong></span> <span class='ocrx_word' id='word_1_63' title='bbox 323 803 488 848; x_wconf 88' lang='lat' dir='ltr'>duom</span> <span class='ocrx_word' id='word_1_64' title='bbox 510 807 754 860; x_wconf 77' lang='lat' dir='ltr'>Venerem,</span> <span class='ocrx_word' id='word_1_65' title='bbox 793 822 861 867; x_wconf 79' lang='lat' dir='ltr'><strong>gr.</strong></span> <span class='ocrx_word' id='word_1_66' title='bbox 883 816 930 853; x_wconf 85' lang='lat' dir='ltr'>et</span> <span class='ocrx_word' id='word_1_67' title='bbox 953 804 1028 852; x_wconf 84' lang='lat' dir='ltr'><strong>lat.</strong></span> <span class='ocrx_word' id='word_1_68' title='bbox 1060 804 1238 868; x_wconf 82' lang='lat' dir='ltr'>Hugone</span> <span class='ocrx_word' id='word_1_69' title='bbox 1259 805 1408 847; x_wconf 81' lang='lat' dir='ltr'><em>Grotio</em></span> <span class='ocrx_word' id='word_1_70' title='bbox 1437 806 1511 848; x_wconf 89' lang='lat' dir='ltr'>in·-</span> 
     </span>
     <span class='ocr_line' id='line_1_10' title="bbox 234 837 1506 936; baseline 0 -20"><span class='ocrx_word' id='word_1_71' title='bbox 234 879 442 929; x_wconf 79' lang='lat' dir='ltr'>terprete</span> <span class='ocrx_word' id='word_1_72' title='bbox 468 873 515 917; x_wconf 89' lang='lat' dir='ltr'>in</span> <span class='ocrx_word' id='word_1_73' title='bbox 539 871 595 916; x_wconf 89' lang='lat' dir='ltr'>Io.</span> <span class='ocrx_word' id='word_1_74' title='bbox 616 837 785 916; x_wconf 45' lang='lat' dir='ltr'>Stabula·</span> <span class='ocrx_word' id='word_1_75' title='bbox 819 872 1048 936; x_wconf 78' lang='lat' dir='ltr'>florilegio</span> <span class='ocrx_word' id='word_1_76' title='bbox 1087 876 1141 918; x_wconf 84' lang='lat' dir='ltr'>ab</span> <span class='ocrx_word' id='word_1_77' title='bbox 1176 876 1303 933; x_wconf 86' lang='lat' dir='ltr'><strong>Hug.</strong></span> <span class='ocrx_word' id='word_1_78' title='bbox 1340 873 1506 918; x_wconf 80' lang='lat' dir='ltr'>Grotio</span> 
     </span>
     <span class='ocr_line' id='line_1_11' title="bbox 238 935 1510 1002; baseline 0.002 -20"><span class='ocrx_word' id='word_1_79' title='bbox 238 939 313 983; x_wconf 87' lang='lat' dir='ltr'>ed.</span> <span class='ocrx_word' id='word_1_80' title='bbox 330 941 463 985; x_wconf 75' lang='lat' dir='ltr'><strong>PariS.</strong></span> <span class='ocrx_word' id='word_1_81' title='bbox 502 941 643 1001; x_wconf 82' lang='lat'><strong>1623.</strong></span> <span class='ocrx_word' id='word_1_82' title='bbox 668 954 716 998; x_wconf 90' lang='lat'><strong>4.</strong></span> <span class='ocrx_word' id='word_1_83' title='bbox 741 957 841 1001; x_wconf 88' lang='lat' dir='ltr'>pag.</span> <span class='ocrx_word' id='word_1_84' title='bbox 864 949 977 1002; x_wconf 89' lang='lat'><strong>248.</strong></span> <span class='ocrx_word' id='word_1_85' title='bbox 1009 964 1076 977; x_wconf 90' lang='lat'>—</span> <span class='ocrx_word' id='word_1_86' title='bbox 1106 935 1429 998; x_wconf 87' lang='lat' dir='ltr'>duoshymnos</span> <span class='ocrx_word' id='word_1_87' title='bbox 1445 937 1510 984; x_wconf 80' lang='lat' dir='ltr'>al-</span> 
     </span>
    </p>
   </div>
   <div class='ocr_carea' id='block_1_5' title="bbox 163 1006 1512 1065">
    <p class='ocr_par' dir='ltr' id='par_1_5' title="bbox 163 1006 1512 1065">
     <span class='ocr_line' id='line_1_12' title="bbox 163 1006 1512 1065; baseline -0.002 -10"><span class='ocrx_word' id='word_1_88' title='bbox 163 1029 165 1031; x_wconf 46' lang='lat'><em>*</em></span> <span class='ocrx_word' id='word_1_89' title='bbox 236 1016 390 1055; x_wconf 82' lang='lat' dir='ltr'>terum</span> <span class='ocrx_word' id='word_1_90' title='bbox 422 1008 470 1051; x_wconf 89' lang='lat' dir='ltr'>in</span> <span class='ocrx_word' id='word_1_91' title='bbox 493 1009 700 1054; x_wconf 86' lang='lat' dir='ltr'>Hecaten</span> <span class='ocrx_word' id='word_1_92' title='bbox 739 1017 788 1055; x_wconf 82' lang='lat' dir='ltr'>et</span> <span class='ocrx_word' id='word_1_93' title='bbox 815 1012 997 1065; x_wconf 82' lang='lat' dir='ltr'>Ianum3</span> <span class='ocrx_word' id='word_1_94' title='bbox 1030 1009 1222 1055; x_wconf 85' lang='lat' dir='ltr'>alterum</span> <span class='ocrx_word' id='word_1_95' title='bbox 1253 1010 1300 1053; x_wconf 90' lang='lat' dir='ltr'>in</span> <span class='ocrx_word' id='word_1_96' title='bbox 1331 1006 1512 1052; x_wconf 79' lang='lat' dir='ltr'>Miner·-</span> 
     </span>
    </p>
   </div>
   <div class='ocr_carea' id='block_1_6' title="bbox 194 1073 1550 2609">
    <p class='ocr_par' dir='ltr' id='par_1_6' title="bbox 194 1073 1550 2609">
     <span class='ocr_line' id='line_1_13' title="bbox 236 1073 1512 1134; baseline 0.001 -15"><span class='ocrx_word' id='word_1_97' title='bbox 236 1089 341 1119; x_wconf 83' lang='lat' dir='ltr'>uam</span> <span class='ocrx_word' id='word_1_98' title='bbox 362 1073 619 1134; x_wconf 86' lang='lat' dir='ltr'>Polymetin</span> <span class='ocrx_word' id='word_1_99' title='bbox 656 1078 823 1134; x_wconf 84' lang='lat' dir='ltr'><strong>primus</strong></span> <span class='ocrx_word' id='word_1_100' title='bbox 853 1094 878 1121; x_wconf 94' lang='lat' dir='ltr'>e</span> <span class='ocrx_word' id='word_1_101' title='bbox 914 1079 1019 1123; x_wconf 77' lang='lat' dir='ltr'><strong>cod.</strong></span> <span class='ocrx_word' id='word_1_102' title='bbox 1054 1077 1235 1122; x_wconf 81' lang='lat' dir='ltr'><strong>Matrit.</strong></span> <span class='ocrx_word' id='word_1_103' title='bbox 1265 1075 1512 1132; x_wconf 82' lang='lat' dir='ltr'>publicauit</span> 
     </span>
     <span class='ocr_line' id='line_1_14' title="bbox 236 1138 1512 1204; baseline 0.002 -20"><span class='ocrx_word' id='word_1_104' title='bbox 236 1138 407 1185; x_wconf 63' lang='lat' dir='ltr'>Izriar&#39;te</span> <span class='ocrx_word' id='word_1_105' title='bbox 438 1144 486 1186; x_wconf 89' lang='lat' dir='ltr'>in</span> <span class='ocrx_word' id='word_1_106' title='bbox 519 1142 725 1202; x_wconf 84' lang='lat' dir='ltr'>catalogo</span> <span class='ocrx_word' id='word_1_107' title='bbox 770 1144 903 1188; x_wconf 87' lang='lat' dir='ltr'><strong>codd.</strong></span> <span class='ocrx_word' id='word_1_108' title='bbox 939 1158 1084 1204; x_wconf 85' lang='lat' dir='ltr'><strong>graec.</strong></span> <span class='ocrx_word' id='word_1_109' title='bbox 1120 1142 1225 1188; x_wconf 85' lang='lat' dir='ltr'><strong>bibl.</strong></span> <span class='ocrx_word' id='word_1_110' title='bbox 1262 1144 1436 1196; x_wconf 77' lang='lat' dir='ltr'>Matrit.</span> <span class='ocrx_word' id='word_1_111' title='bbox 1473 1144 1512 1188; x_wconf 86' lang='grc' dir='ltr'>Ι.</span> 
     </span>
     <span class='ocr_line' id='line_1_15' title="bbox 237 1209 1512 1271; baseline -0.001 -18"><span class='ocrx_word' id='word_1_112' title='bbox 237 1225 343 1269; x_wconf 70' lang='lat' dir='ltr'><strong>pag.</strong></span> <span class='ocrx_word' id='word_1_113' title='bbox 384 1214 463 1260; x_wconf 86' lang='lat'><strong>88.</strong></span> <span class='ocrx_word' id='word_1_114' title='bbox 498 1231 565 1246; x_wconf 67' lang='lat'>—-÷</span> <span class='ocrx_word' id='word_1_115' title='bbox 594 1211 810 1264; x_wconf 83' lang='lat' dir='ltr'>eosdem,</span> <span class='ocrx_word' id='word_1_116' title='bbox 844 1211 920 1254; x_wconf 91' lang='lat' dir='ltr'>sed</span> <span class='ocrx_word' id='word_1_117' title='bbox 957 1210 1187 1271; x_wconf 75' lang='lat' dir='ltr'>castiga-tos</span> <span class='ocrx_word' id='word_1_118' title='bbox 1219 1217 1268 1255; x_wconf 91' lang='lat' dir='ltr'>et</span> <span class='ocrx_word' id='word_1_119' title='bbox 1299 1209 1512 1253; x_wconf 82' lang='lat' dir='ltr'>breuibus</span> 
     </span>
     <span class='ocr_line' id='line_1_16' title="bbox 239 1271 1525 1337; baseline -0.002 -15"><span class='ocrx_word' id='word_1_120' title='bbox 239 1278 365 1322; x_wconf 80' lang='lat' dir='ltr'>notis</span> <span class='ocrx_word' id='word_1_121' title='bbox 387 1277 549 1321; x_wconf 83' lang='lat' dir='ltr'>criticis</span> <span class='ocrx_word' id='word_1_122' title='bbox 578 1276 831 1337; x_wconf 68' lang='grc' dir='ltr'>ιἠίὶτιιᾶὶοε,</span> <span class='ocrx_word' id='word_1_123' title='bbox 860 1280 1014 1324; x_wconf 82' lang='lat' dir='ltr'>recudi</span> <span class='ocrx_word' id='word_1_124' title='bbox 1039 1280 1147 1324; x_wconf 85' lang='lat' dir='ltr'>fecit</span> <span class='ocrx_word' id='word_1_125' title='bbox 1171 1276 1225 1322; x_wconf 92' lang='lat' dir='ltr'><strong>cl.</strong></span> <span class='ocrx_word' id='word_1_126' title='bbox 1256 1271 1445 1335; x_wconf 83' lang='lat' dir='ltr'>Tychsen</span> <span class='ocrx_word' id='word_1_127' title='bbox 1462 1277 1525 1320; x_wconf 73' lang='lat' dir='ltr'>im</span> 
     </span>
     <span class='ocr_line' id='line_1_17' title="bbox 240 1343 1514 1408; baseline -0.001 -18"><span class='ocrx_word' id='word_1_128' title='bbox 240 1343 458 1390; x_wconf 80' lang='lat' dir='ltr'><strong>Biblioth.</strong></span> <span class='ocrx_word' id='word_1_129' title='bbox 488 1345 569 1388; x_wconf 85' lang='lat' dir='ltr'>der</span> <span class='ocrx_word' id='word_1_130' title='bbox 599 1343 723 1408; x_wconf 82' lang='lat' dir='ltr'>alten</span> <span class='ocrx_word' id='word_1_131' title='bbox 757 1343 1008 1393; x_wconf 84' lang='lat' dir='ltr'>Litteratur</span> <span class='ocrx_word' id='word_1_132' title='bbox 1043 1363 1087 1402; x_wconf 84' lang='lat' dir='ltr'><strong>v.</strong></span> <span class='ocrx_word' id='word_1_133' title='bbox 1123 1343 1289 1400; x_wconf 86' lang='lat' dir='ltr'>Kunst,</span> <span class='ocrx_word' id='word_1_134' title='bbox 1334 1351 1450 1402; x_wconf 82' lang='lat' dir='ltr'><strong>part.</strong></span> <span class='ocrx_word' id='word_1_135' title='bbox 1476 1344 1514 1389; x_wconf 90' lang='grc' dir='ltr'>Ι.</span> 
     </span>
     <span class='ocr_line' id='line_1_18' title="bbox 194 1407 1550 1474; baseline 0.001 -18"><span class='ocrx_word' id='word_1_136' title='bbox 194 1434 203 1441; x_wconf 56' lang='lat'><em>1</em></span> <span class='ocrx_word' id='word_1_137' title='bbox 243 1428 346 1474; x_wconf 80' lang='lat' dir='ltr'><strong>pag.</strong></span> <span class='ocrx_word' id='word_1_138' title='bbox 381 1415 447 1470; x_wconf 89' lang='lat'>46</span> <span class='ocrx_word' id='word_1_139' title='bbox 477 1412 572 1470; x_wconf 86' lang='lat' dir='ltr'>sqq.</span> <span class='ocrx_word' id='word_1_140' title='bbox 608 1413 824 1459; x_wconf 80' lang='lat' dir='ltr'>ineditor.</span> <span class='ocrx_word' id='word_1_141' title='bbox 858 1413 966 1459; x_wconf 88' lang='lat' dir='ltr'>alius</span> <span class='ocrx_word' id='word_1_142' title='bbox 1008 1413 1062 1457; x_wconf 94' lang='lat' dir='ltr'>V.</span> <span class='ocrx_word' id='word_1_143' title='bbox 1098 1415 1154 1460; x_wconf 88' lang='lat' dir='ltr'>D.</span> <span class='ocrx_word' id='word_1_144' title='bbox 1183 1412 1374 1457; x_wconf 86' lang='lat' dir='ltr'>eosdem·</span> <span class='ocrx_word' id='word_1_145' title='bbox 1404 1407 1550 1458; x_wconf 78' lang='lat' dir='ltr'><strong>ibi&#39;d.&#39;&#39;</strong></span> 
     </span>
     <span class='ocr_line' id='line_1_19' title="bbox 239 1480 1518 1541; baseline -0.001 -16"><span class='ocrx_word' id='word_1_146' title='bbox 239 1489 358 1539; x_wconf 79' lang='lat' dir='ltr'><strong>part.</strong></span> <span class='ocrx_word' id='word_1_147' title='bbox 384 1482 437 1527; x_wconf 89' lang='lat'>11.</span> <span class='ocrx_word' id='word_1_148' title='bbox 462 1495 564 1540; x_wconf 79' lang='lat' dir='ltr'><strong>pag.</strong></span> <span class='ocrx_word' id='word_1_149' title='bbox 597 1493 652 1524; x_wconf 89' lang='lat'>10</span> <span class='ocrx_word' id='word_1_150' title='bbox 678 1504 747 1514; x_wconf 89' lang='lat'>--</span> <span class='ocrx_word' id='word_1_151' title='bbox 778 1495 836 1541; x_wconf 85' lang='lat'>39</span> <span class='ocrx_word' id='word_1_152' title='bbox 876 1482 1012 1527; x_wconf 72' lang='grc' dir='ltr'>ᾶοὸὶο</span> <span class='ocrx_word' id='word_1_153' title='bbox 1035 1480 1268 1527; x_wconf 87' lang='lat' dir='ltr'>illustrauit</span> <span class='ocrx_word' id='word_1_154' title='bbox 1286 1493 1518 1524; x_wconf 88' lang='lat' dir='ltr'>commen-</span> 
     </span>
     <span class='ocr_line' id='line_1_20' title="bbox 241 1545 1528 1606; baseline -0.002 -12"><span class='ocrx_word' id='word_1_155' title='bbox 241 1551 374 1595; x_wconf 82' lang='lat' dir='ltr'><strong>tario.</strong></span> <span class='ocrx_word' id='word_1_156' title='bbox 413 1573 475 1583; x_wconf 89' lang='lat'>—-</span> <span class='ocrx_word' id='word_1_157' title='bbox 543 1547 741 1594; x_wconf 80' lang='lat' dir='ltr'>Thomas</span> <span class='ocrx_word' id='word_1_158' title='bbox 762 1549 932 1606; x_wconf 87' lang='lat' dir='ltr'>Taylor</span> <span class='ocrx_word' id='word_1_159' title='bbox 954 1550 1003 1594; x_wconf 89' lang='lat' dir='ltr'>in</span> <span class='ocrx_word' id='word_1_160' title='bbox 1023 1550 1129 1596; x_wconf 86' lang='lat' dir='ltr'><strong>cod.</strong></span> <span class='ocrx_word' id='word_1_161' title='bbox 1150 1547 1412 1600; x_wconf 81' lang='lat' dir='ltr'>Harleiano,</span> <span class='ocrx_word' id='word_1_162' title='bbox 1437 1545 1528 1606; x_wconf 84' lang='lat' dir='ltr'><strong>qui·</strong></span> 
     </span>
     <span class='ocr_line' id='line_1_21' title="bbox 242 1615 1517 1677; baseline -0.002 -15"><span class='ocrx_word' id='word_1_163' title='bbox 242 1618 454 1662; x_wconf 85' lang='lat' dir='ltr'>continet</span> <span class='ocrx_word' id='word_1_164' title='bbox 473 1615 720 1660; x_wconf 80' lang='lat' dir='ltr'>nonnullos</span> <span class='ocrx_word' id='word_1_165' title='bbox 745 1617 917 1675; x_wconf 81' lang='lat' dir='ltr'>Orphei</span> <span class='ocrx_word' id='word_1_166' title='bbox 937 1616 1132 1677; x_wconf 89' lang='lat' dir='ltr'><strong>hymnos</strong></span> <span class='ocrx_word' id='word_1_167' title='bbox 1155 1624 1204 1662; x_wconf 88' lang='lat' dir='ltr'>et</span> <span class='ocrx_word' id='word_1_168' title='bbox 1233 1624 1427 1674; x_wconf 82' lang='lat' dir='ltr'>quatuor</span> <span class='ocrx_word' id='word_1_169' title='bbox 1451 1616 1517 1660; x_wconf 83' lang='lat' dir='ltr'><strong>H.</strong></span> 
     </span>
     <span class='ocr_line' id='line_1_22' title="bbox 241 1681 1517 1744; baseline -0.003 -14"><span class='ocrx_word' id='word_1_170' title='bbox 241 1684 392 1730; x_wconf 84' lang='lat' dir='ltr'>Procli</span> <span class='ocrx_word' id='word_1_171' title='bbox 413 1700 437 1728; x_wconf 87' lang='lat' dir='ltr'>a</span> <span class='ocrx_word' id='word_1_172' title='bbox 454 1685 653 1728; x_wconf 84' lang='lat' dir='ltr'>Fabricio</span> <span class='ocrx_word' id='word_1_173' title='bbox 673 1685 758 1728; x_wconf 87' lang='lat' dir='ltr'>iam</span> <span class='ocrx_word' id='word_1_174' title='bbox 778 1685 943 1738; x_wconf 89' lang='lat' dir='ltr'>editos,</span> <span class='ocrx_word' id='word_1_175' title='bbox 978 1685 1151 1744; x_wconf 80' lang='lat' dir='ltr'>reperit</span> <span class='ocrx_word' id='word_1_176' title='bbox 1174 1697 1358 1742; x_wconf 90' lang='lat' dir='ltr'><strong>quoque</strong></span> <span class='ocrx_word' id='word_1_177' title='bbox 1382 1681 1517 1726; x_wconf 88' lang='lat' dir='ltr'>alium</span> 
     </span>
     <span class='ocr_line' id='line_1_23' title="bbox 243 1749 1520 1810; baseline -0.003 -14"><span class='ocrx_word' id='word_1_178' title='bbox 243 1750 390 1796; x_wconf 74' lang='lat' dir='ltr'><em>Procli</em></span> <span class='ocrx_word' id='word_1_179' title='bbox 410 1751 467 1794; x_wconf 89' lang='lat' dir='ltr'><strong>H.</strong></span> <span class='ocrx_word' id='word_1_180' title='bbox 490 1753 540 1793; x_wconf 83' lang='lat' dir='ltr'>in</span> <span class='ocrx_word' id='word_1_181' title='bbox 563 1750 832 1803; x_wconf 81' lang='lat' dir='ltr'>Mineruam,</span> <span class='ocrx_word' id='word_1_182' title='bbox 869 1767 1020 1810; x_wconf 88' lang='lat' dir='ltr'>quem,</span> <span class='ocrx_word' id='word_1_183' title='bbox 1063 1760 1114 1797; x_wconf 86' lang='lat' dir='ltr'>vt</span> <span class='ocrx_word' id='word_1_184' title='bbox 1158 1749 1235 1795; x_wconf 82' lang='lat' dir='ltr'>fibi</span> <span class='ocrx_word' id='word_1_185' title='bbox 1266 1750 1520 1800; x_wconf 80' lang='lat' dir='ltr'>videbatur,</span> 
     </span>
     <span class='ocr_line' id='line_1_24' title="bbox 239 1812 1520 1880; baseline -0.005 -15"><span class='ocrx_word' id='word_1_186' title='bbox 239 1822 414 1880; x_wconf 73' lang='lat' dir='ltr'>¹primus</span> <span class='ocrx_word' id='word_1_187' title='bbox 448 1817 679 1879; x_wconf 82' lang='lat' dir='ltr'>euulgauit</span> <span class='ocrx_word' id='word_1_188' title='bbox 706 1821 755 1863; x_wconf 89' lang='lat' dir='ltr'>in</span> <span class='ocrx_word' id='word_1_189' title='bbox 797 1816 928 1865; x_wconf 77' lang='lat' dir='ltr'><strong>libro.</strong></span> <span class='ocrx_word' id='word_1_190' title='bbox 964 1819 1015 1864; x_wconf 89' lang='lat' dir='ltr'><strong>A.</strong></span> <span class='ocrx_word' id='word_1_191' title='bbox 1047 1816 1334 1876; x_wconf 80' lang='lat' dir='ltr'>Dtffertation</span> <span class='ocrx_word' id='word_1_192' title='bbox 1365 1831 1418 1859; x_wconf 86' lang='lat' dir='ltr'>on</span> <span class='ocrx_word' id='word_1_193' title='bbox 1449 1812 1520 1859; x_wconf 79' lang='lat' dir='ltr'>the</span> 
     </span>
     <span class='ocr_line' id='line_1_25' title="bbox 244 1882 1519 1944; baseline -0.002 -13"><span class='ocrx_word' id='word_1_194' title='bbox 244 1887 490 1944; x_wconf 74' lang='lat' dir='ltr'>Eleust&#39;nian</span> <span class='ocrx_word' id='word_1_195' title='bbox 509 1883 602 1928; x_wconf 84' lang='lat' dir='ltr'>and</span> <span class='ocrx_word' id='word_1_196' title='bbox 621 1883 800 1929; x_wconf 84' lang='lat' dir='ltr'><em>Bacchic</em></span> <span class='ocrx_word' id='word_1_197' title='bbox 824 1883 1063 1944; x_wconf 76' lang='lat' dir='ltr'>Mysteries,</span> <span class='ocrx_word' id='word_1_198' title='bbox 1100 1884 1276 1931; x_wconf 79' lang='lat' dir='ltr'>Amstel.</span> <span class='ocrx_word' id='word_1_199' title='bbox 1297 1882 1388 1929; x_wconf 88' lang='lat' dir='ltr'>sine</span> <span class='ocrx_word' id='word_1_200' title='bbox 1411 1885 1519 1929; x_wconf 85' lang='lat' dir='ltr'>anni</span> 
     </span>
     <span class='ocr_line' id='line_1_26' title="bbox 246 1951 1520 2013; baseline -0.004 -11"><span class='ocrx_word' id='word_1_201' title='bbox 246 1964 359 2002; x_wconf 78' lang='lat' dir='ltr'>nota</span> <span class='ocrx_word' id='word_1_202' title='bbox 381 1953 570 2013; x_wconf 83' lang='lat'><strong>(1791.)</strong></span> <span class='ocrx_word' id='word_1_203' title='bbox 595 1955 693 1997; x_wconf 81' lang='lat' dir='ltr'><strong>mai.</strong></span> <span class='ocrx_word' id='word_1_204' title='bbox 718 1961 762 2006; x_wconf 89' lang='lat'><strong>8.</strong></span> <span class='ocrx_word' id='word_1_205' title='bbox 789 1955 1032 1998; x_wconf 85' lang='lat' dir='ltr'>Enimuero</span> <span class='ocrx_word' id='word_1_206' title='bbox 1068 1951 1194 1999; x_wconf 90' lang='lat' dir='ltr'><strong>illum</strong></span> <span class='ocrx_word' id='word_1_207' title='bbox 1226 1954 1314 1996; x_wconf 86' lang='lat' dir='ltr'>iam</span> <span class='ocrx_word' id='word_1_208' title='bbox 1345 1952 1520 1998; x_wconf 87' lang='lat' dir='ltr'>editum</span> 
     </span>
     <span class='ocr_line' id='line_1_27' title="bbox 248 2019 1521 2081; baseline -0.004 -12"><span class='ocrx_word' id='word_1_209' title='bbox 248 2020 377 2070; x_wconf 81' lang='lat' dir='ltr'>suiffe</span> <span class='ocrx_word' id='word_1_210' title='bbox 401 2026 454 2067; x_wconf 83' lang='lat' dir='ltr'>ab</span> <span class='ocrx_word' id='word_1_211' title='bbox 480 2022 638 2066; x_wconf 77' lang='lat' dir='ltr'>Iriarto</span> <span class='ocrx_word' id='word_1_212' title='bbox 660 2030 709 2067; x_wconf 85' lang='lat' dir='ltr'>et</span> <span class='ocrx_word' id='word_1_213' title='bbox 731 2021 1005 2081; x_wconf 87' lang='lat' dir='ltr'>Tychsenio,</span> <span class='ocrx_word' id='word_1_214' title='bbox 1023 2022 1163 2066; x_wconf 90' lang='lat' dir='ltr'>modo</span> <span class='ocrx_word' id='word_1_215' title='bbox 1189 2021 1396 2065; x_wconf 83' lang='lat' dir='ltr'><strong>vidimus.</strong></span> <span class='ocrx_word' id='word_1_216' title='bbox 1431 2019 1521 2066; x_wconf 80' lang='lat' dir='ltr'>Sed</span> 
     </span>
     <span class='ocr_line' id='line_1_28' title="bbox 246 2087 1522 2149; baseline -0.005 -11"><span class='ocrx_word' id='word_1_217' title='bbox 246 2096 297 2138; x_wconf 83' lang='lat' dir='ltr'>in</span> <span class='ocrx_word' id='word_1_218' title='bbox 321 2092 424 2137; x_wconf 88' lang='lat' dir='ltr'><strong>cod.</strong></span> <span class='ocrx_word' id='word_1_219' title='bbox 444 2087 690 2138; x_wconf 82' lang='lat' dir='ltr'>Harleiano</span> <span class='ocrx_word' id='word_1_220' title='bbox 711 2091 926 2148; x_wconf 82' lang='lat' dir='ltr'>quaedam</span> <span class='ocrx_word' id='word_1_221' title='bbox 950 2092 1010 2133; x_wconf 94' lang='lat' dir='ltr'>ob</span> <span class='ocrx_word' id='word_1_222' title='bbox 1033 2087 1360 2149; x_wconf 87' lang='lat' dir='ltr'>negligentiam</span> <span class='ocrx_word' id='word_1_223' title='bbox 1387 2087 1522 2132; x_wconf 74' lang='lat' dir='ltr'>libra·</span> 
     </span>
     <span class='ocr_line' id='line_1_29' title="bbox 248 2155 1523 2220; baseline -0.005 -14"><span class='ocrx_word' id='word_1_224' title='bbox 248 2163 306 2207; x_wconf 64' lang='lat' dir='ltr'>xii</span> <span class='ocrx_word' id='word_1_225' title='bbox 325 2159 419 2220; x_wconf 84' lang='lat' dir='ltr'>legi</span> <span class='ocrx_word' id='word_1_226' title='bbox 443 2173 540 2203; x_wconf 86' lang='lat' dir='ltr'>non</span> <span class='ocrx_word' id='word_1_227' title='bbox 574 2166 804 2216; x_wconf 82' lang='lat' dir='ltr'>poterant,</span> <span class='ocrx_word' id='word_1_228' title='bbox 825 2166 872 2203; x_wconf 85' lang='lat' dir='ltr'>et</span> <span class='ocrx_word' id='word_1_229' title='bbox 892 2157 1038 2216; x_wconf 84' lang='lat' dir='ltr'>plures</span> <span class='ocrx_word' id='word_1_230' title='bbox 1064 2157 1224 2202; x_wconf 86' lang='lat' dir='ltr'>desunt</span> <span class='ocrx_word' id='word_1_231' title='bbox 1247 2155 1413 2213; x_wconf 78' lang='lat' dir='ltr'>versuS,</span> <span class='ocrx_word' id='word_1_232' title='bbox 1443 2155 1523 2213; x_wconf 83' lang='lat' dir='ltr'>qui</span> 
     </span>
     <span class='ocr_line' id='line_1_30' title="bbox 252 2223 1524 2288; baseline -0.006 -14"><span class='ocrx_word' id='word_1_233' title='bbox 252 2227 457 2288; x_wconf 79' lang='lat' dir='ltr'>prostant</span> <span class='ocrx_word' id='word_1_234' title='bbox 476 2228 524 2271; x_wconf 91' lang='lat' dir='ltr'>in</span> <span class='ocrx_word' id='word_1_235' title='bbox 547 2227 651 2273; x_wconf 88' lang='lat' dir='ltr'><strong>cod.</strong></span> <span class='ocrx_word' id='word_1_236' title='bbox 677 2229 848 2273; x_wconf 81' lang='lat' dir='ltr'>Matrit.</span> <span class='ocrx_word' id='word_1_237' title='bbox 871 2228 1005 2272; x_wconf 50' lang='lat' dir='ltr'>itasvt</span> <span class='ocrx_word' id='word_1_238' title='bbox 1024 2225 1173 2271; x_wconf 86' lang='lat' dir='ltr'>versus</span> <span class='ocrx_word' id='word_1_239' title='bbox 1197 2224 1375 2282; x_wconf 86' lang='lat' dir='ltr'><strong>quidam</strong></span> <span class='ocrx_word' id='word_1_240' title='bbox 1396 2223 1524 2267; x_wconf 85' lang='lat' dir='ltr'>vide·</span> 
     </span>
     <span class='ocr_line' id='line_1_31' title="bbox 252 2290 1541 2352; baseline -0.007 -10"><span class='ocrx_word' id='word_1_241' title='bbox 252 2304 390 2342; x_wconf 74' lang='lat' dir='ltr'>antur</span> <span class='ocrx_word' id='word_1_242' title='bbox 411 2311 434 2340; x_wconf 87' lang='lat' dir='ltr'>a</span> <span class='ocrx_word' id='word_1_243' title='bbox 455 2293 613 2340; x_wconf 84' lang='lat' dir='ltr'>Proclo</span> <span class='ocrx_word' id='word_1_244' title='bbox 636 2310 729 2339; x_wconf 88' lang='lat' dir='ltr'>non</span> <span class='ocrx_word' id='word_1_245' title='bbox 748 2295 939 2352; x_wconf 70' lang='lat' dir='ltr'>profeffl</span> <span class='ocrx_word' id='word_1_246' title='bbox 965 2290 1076 2350; x_wconf 86' lang='lat' dir='ltr'>effe3</span> <span class='ocrx_word' id='word_1_247' title='bbox 1114 2292 1190 2338; x_wconf 89' lang='lat' dir='ltr'>sed</span> <span class='ocrx_word' id='word_1_248' title='bbox 1225 2306 1249 2336; x_wconf 89' lang='lat' dir='ltr'>a</span> <span class='ocrx_word' id='word_1_249' title='bbox 1282 2291 1541 2337; x_wconf 73' lang='lat' dir='ltr'>serioribus2</span> 
     </span>
     <span class='ocr_line' id='line_1_32' title="bbox 252 2353 1541 2421; baseline -0.007 -11"><span class='ocrx_word' id='word_1_250' title='bbox 252 2365 423 2410; x_wconf 78' lang='lat' dir='ltr'>inserti.</span> <span class='ocrx_word' id='word_1_251' title='bbox 492 2364 737 2421; x_wconf 80' lang='lat' dir='ltr'>Vtriusque</span> <span class='ocrx_word' id='word_1_252' title='bbox 764 2364 928 2408; x_wconf 82' lang='lat' dir='ltr'>codicis</span> <span class='ocrx_word' id='word_1_253' title='bbox 960 2361 1174 2407; x_wconf 64' lang='lat' dir='ltr'>lestiones</span> <span class='ocrx_word' id='word_1_254' title='bbox 1208 2359 1405 2404; x_wconf 84' lang='lat' dir='ltr'>diuersae</span> <span class='ocrx_word' id='word_1_255' title='bbox 1437 2353 1541 2402; x_wconf 51' lang='lat' dir='ltr'>no?</span> 
     </span>
     <span class='ocr_line' id='line_1_33' title="bbox 254 2421 1542 2489; baseline -0.005 -11"><span class='ocrx_word' id='word_1_256' title='bbox 254 2442 408 2478; x_wconf 76' lang='lat' dir='ltr'>tantur</span> <span class='ocrx_word' id='word_1_257' title='bbox 433 2439 481 2476; x_wconf 82' lang='lat' dir='ltr'>et</span> <span class='ocrx_word' id='word_1_258' title='bbox 502 2439 636 2489; x_wconf 82' lang='lat' dir='ltr'>comp</span> <span class='ocrx_word' id='word_1_259' title='bbox 620 2440 816 2476; x_wconf 76' lang='lat' dir='ltr'>›arantur</span> <span class='ocrx_word' id='word_1_260' title='bbox 838 2447 860 2476; x_wconf 88' lang='lat' dir='ltr'>a</span> <span class='ocrx_word' id='word_1_261' title='bbox 882 2430 1068 2475; x_wconf 77' lang='lat' dir='ltr'>censore</span> <span class='ocrx_word' id='word_1_262' title='bbox 1100 2430 1147 2473; x_wconf 91' lang='lat' dir='ltr'>in</span> <span class='ocrx_word' id='word_1_263' title='bbox 1181 2430 1272 2472; x_wconf 88' lang='lat' dir='ltr'>Ien.</span> <span class='ocrx_word' id='word_1_264' title='bbox 1309 2428 1359 2474; x_wconf 90' lang='lat' dir='ltr'><strong>A.</strong></span> <span class='ocrx_word' id='word_1_265' title='bbox 1387 2421 1433 2473; x_wconf 85' lang='lat' dir='ltr'>L.</span> <span class='ocrx_word' id='word_1_266' title='bbox 1470 2427 1542 2472; x_wconf 83' lang='lat' dir='ltr'>Z.·</span> 
     </span>
     <span class='ocr_line' id='line_1_34' title="bbox 255 2493 1524 2561; baseline -0.002 -15"><span class='ocrx_word' id='word_1_267' title='bbox 255 2516 295 2550; x_wconf 75' lang='lat' dir='ltr'>a</span> <span class='ocrx_word' id='word_1_268' title='bbox 324 2514 467 2561; x_wconf 82' lang='lat'><strong>1793·</strong></span> <span class='ocrx_word' id='word_1_269' title='bbox 491 2515 552 2546; x_wconf 88' lang='lat' dir='ltr'><strong>m.</strong></span> <span class='ocrx_word' id='word_1_270' title='bbox 573 2501 682 2547; x_wconf 89' lang='lat' dir='ltr'>Dec</span> <span class='ocrx_word' id='word_1_271' title='bbox 706 2514 809 2560; x_wconf 80' lang='lat' dir='ltr'>pag</span> <span class='ocrx_word' id='word_1_272' title='bbox 834 2513 935 2559; x_wconf 88' lang='lat'>490</span> <span class='ocrx_word' id='word_1_273' title='bbox 963 2498 1027 2557; x_wconf 84' lang='lat' dir='ltr'>sq.</span> <span class='ocrx_word' id='word_1_274' title='bbox 1095 2500 1340 2543; x_wconf 83' lang='lat' dir='ltr'>Praeterea</span> <span class='ocrx_word' id='word_1_275' title='bbox 1360 2493 1524 2543; x_wconf 86' lang='lat' dir='ltr'>meod</span> 
     </span>
     <span class='ocr_line' id='line_1_35' title="bbox 1403 2563 1525 2609; baseline -0.033 0"><span class='ocrx_word' id='word_1_276' title='bbox 1403 2563 1525 2609; x_wconf 75' lang='lat' dir='ltr'>Har-</span> 
     </span>
    </p>
   </div>
   <div class='ocr_carea' id='block_1_7' title="bbox 1621 0 1686 2203">
    <p class='ocr_par' dir='ltr' id='par_1_7' title="bbox 1621 0 1686 2203">
     <span class='ocr_line' id='line_1_36' title="bbox 1621 0 1686 2203; baseline 0 0"><span class='ocrx_word' id='word_1_277' title='bbox 1621 0 1686 2203; x_wconf 95' lang='lat' dir='ltr'> </span> 
     </span>
    </p>
   </div>
  </div>
 </body>
</html>
