1686 3025
279 246 371 292 160
556 225 836 294 CLAVDJVS
867 246 1253 298 PTOLEMAEVS.

250 364 372 418 'cum
409 369 610 417 versione
649 369 800 431 gallica
846 371 1037 428 prodiit:
1091 372 1195 417 Etat
1236 373 1314 418 des
1354 370 1530 428 etoiles,

268 438 399 496 fixes,
433 456 485 483 au
512 439 674 482 second
700 437 827 482 siecle
854 455 929 495 par
957 435 1113 481 Claude
1140 437 1370 495 Ptolemae,
1404 456 1529 486 com...

269 505 375 566 pare
397 504 418 547 h
441 506 480 549 la
505 503 699 562 pofition
726 506 802 554 des
831 500 994 550 memes
1022 505 1182 551 etoiles
1198 522 1254 550 en
1278 508 1407 560 1786.
1423 524 1529 554 avec

268 574 312 619 le
337 584 458 618 texte
479 569 581 632 gtcc
606 584 652 617 et
673 573 712 617 la
749 573 999 618 tradutftion
1028 575 1238 630 franqoise
1271 589 1348 632 par
1387 578 1476 622 MS.
1501 576 1528 627 Γ
1613 616 1616 631 ,

267 639 393 685 Abbe'
414 639 676 699 Montignot‚
711 640 941 686 Chanoine
964 642 1019 685 de
1040 641 1173 695 Toul‚
1196 643 1254 685 de
1290 640 1330 686 la
1363 639 1529 689 societ&

267 707 322 753 R.
347 709 424 752 des
448 707 500 751 sc.
526 716 574 752 et
596 710 638 756 Β,
662 706 710 752 L.
744 709 801 752 de
825 712 987 765 Nancy.
1058 706 1360 768 Argentorati
1390 719 1531 768 1787.

267 790 315 832 4.
337 790 438 820 cum
458 776 512 820 ΙΙ.
536 777 651 820 tabb.
679 791 777 820 aen.
806 775 1086 820 Ptolemaeus
1112 779 1160 820 in
1174 775 1424 836 Almagesto
1448 777 1546 822 suo¹
1579 807 1586 813 -

187 895 193 897 „
267 842 387 888 hunc
410 843 604 887 indicem
625 841 807 887 fixarum
833 842 1051 888 stellarum
1097 857 1231 888 1022.
1266 847 1318 888 ab
1339 846 1531 909 Hippar-

269 910 356 958 cho
396 911 588 955 seruauit
623 921 670 956 et
705 911 797 968 ipse
829 912 1083 956 obseruauit
1119 910 1274 958 stellas.
1303 914 1532 973 Montign.

270 993 324 1022 ex
347 993 510 1038 graeco
534 988 660 1022 textu
682 978 844 1038 librum
866 981 961 1022 VII.
988 980 1064 1036 qui
1098 980 1144 1021 in
1178 987 1370 1036 quatuor
1402 995 1528 1036 capp.

266 1047 361 1106 agit
394 1045 450 1089 de
484 1044 622 1089 stellis*
649 1043 741 1090 fixis
757 1067 775 1096 ‚·
812 1046 974 1099 vertit,
1017 1045 1170 1090 addito
1203 1054 1330 1090 textu
1364 1061 1528 1106 graeco

266 1128 368 1173 pag.
412 1125 429 1155 1
469 1135 536 1145 ——
570 1126 648 1172 43.
684 1122 781 1157 tum
809 1112 1052 1170 sequiturfiz
1076 1128 1176 1172 pag.
1209 1127 1276 1170 44
1316 1138 1372 1146 ·—
1417 1127 1525 1170 155.

269 1179 494 1240 catalogus
514 1178 746 1223 stellarum
782 1177 988 1233 fixarum,
1033 1195 1057 1222 a
1090 1179 1349 1230 Ptolemaeo
1376 1181 1526 1236 factus,

266 1262 426 1307 graece
449 1256 496 1291 et
516 1245 696 1301 gallice,
727 1262 827 1290 cum
847 1246 1149 1303 descriptione
1184 1245 1389 1290 locorum
1425 1247 1526 1296 stel-

264 1314 434 1367 larum,
464 1328 616 1359 earum
637 1312 934 1373 longitudinis
958 1328 1006 1357 ac
1026 1312 1296 1365 latitudinis,
1325 1322 1375 1375 et
1401 1312 1525 1360 litteo-

265 1397 440 1439 rarum‚
511 1382 667 1439 quibus
705 1380 958 1439 fignantur,
1026 1379 1269 1424 secundum
1308 1382 1525 1442 Bayerum

265 1458 354 1494 etc.
389 1474 448 1483 —-
522 1444 710 1490 Weidler.
736 1447 886 1492 histor.
912 1446 1152 1491 astronom.
1177 1463 1270 1506 cap.
1296 1447 1394 1493 VII.
1422 1449 1526 1497 sect.

264 1518 388 1571 11.§.
416 1526 487 1571 13.
509 1529 605 1575 pag.
640 1515 746 1572 176.
773 1515 867 1574 sqq.
903 1539 970 1549 —
1035 1509 1317 1557 Heilhronner
1328 1517 1374 1560 in
1391 1516 1525 1561 histo-

186 1603 189 1608 ·
265 1585 330 1628 ria
351 1583 619 1640 matheseos,
636 1598 736 1642 pag.
772 1596 880 1642 343.
917 1582 1007 1639 sqq.
1040 1592 1088 1627 et
1120 1582 1300 1639 saepius.
1335 1612 1386 1621 —
1451 1586 1541 1629 De*

262 1649 536 1695 versionibus
571 1649 664 1695 ital.
701 1666 740 1692 v.
791 1657 968 1706 praeter
1006 1649 1279 1696 Paitonium.
1353 1646 1520 1694 Goe'tziz·

262 1732 402 1764 mem.
429 1717 533 1769 bibl.
556 1717 715 1764 Dresd.
741 1715 912 1764 Bunau,
945 1715 1070 1762 catal.
1105 1715 1213 1761 locis
1243 1719 1521 1768 memoratis.

263 1794 353 1834 etc.

787 1922 830 1974 §0
941 1930 979 1963 1.

709 1925 1064 2053 POLYA{NVS.

366 2131 405 2169 1.
438 2117 611 2166 Floruit
634 2120 736 2165 circ.
763 2135 831 2164 an.
857 2119 941 2166 Ch.
974 2121 1082 2179 163.

354 2201 398 2235 2.
435 2187 632 2233 Macedo
654 2197 821 2248 gente,
857 2187 1013 2233 rhetor
1040 2195 1090 2233 et
1111 2185 1159 2230 in
1195 2189 1295 2232 foro
1324 2187 1519 2234 versatus

255 2256 318 2301 fui
342 2288 357 2303 .

323 2264 340 2302 t
363 2338 404 2384 3.
434 2319 676 2368 Industriae
702 2322 799 2367 suae
811 2322 1141 2367 monimentum
1155 2318 1337 2379 reliqvit
1358 2335 1518 2385 ςςατη-

256 2406 496 2453 Ύημοιτικοι
517 2386 691 2445 βιβλιοι
711 2384 839 2442 ἐκτω,
871 2390 960 2434 fine
984 2385 1112 2431 libros
1137 2384 1224 2430 οέῖο
1250 2385 1299 2430 de
1312 2385 1519 2448 stratege-

255 2461 389 2501 matis
412 2456 643 2508 illustrium
669 2453 769 2503 belli
792 2453 957 2514 ducum.
1030 2457 1160 2499 Liber
1194 2455 1338 2504 sextus
1374 2465 1420 2501 et
1454 2456 1518 2500 se·

255 2528 421 2587 ptimus
456 2539 550 2570 non
583 2522 847 2586 integervad
877 2540 961 2570 nos
990 2525 1227 2584 peruenit3
1292 2537 1516 2637 qugzech

1298 2592 1339 2636 D
1481 2589 1514 2634 ἶ
