1727 3005
287 230 311 277 3
323 229 348 278 8
408 194 420 270 ’.
488 216 489 219 ’
717 219 1098 269 PLVTARCHVS.

291 351 336 398 8.
368 346 598 406 Integrum
621 362 731 404 opus
757 344 925 391 constat
944 347 1040 393 XII.
1066 344 1233 394 volum.
1260 365 1450 407 quorum
1468 348 1532 395 vl·

286 415 393 468 tima
428 415 519 458 duo
553 422 712 458 tenent
742 414 927 458 indices.
1020 415 1071 458 In
1102 416 1201 460 vitis
1241 416 1448 474 sequutus
1470 417 1533 462 est

286 481 535 538 exemplum
557 482 747 525 Londin.
769 481 844 525 sed
868 482 927 525 ita
942 513 955 535 ,
991 490 1040 527 vt
1060 483 1310 527 orationem
1326 483 1534 543 ¹graecam

286 563 338 596 ex
360 548 478 592 libris
502 550 740 602 veteribus,
775 559 850 594 aut
862 551 916 594 de
940 549 1009 593 sua
1022 550 1294 608 aliorumque
1308 553 1535 595 coniectu-

283 631 330 663 ra
368 615 528 670 saepius
559 624 754 661 mutaret
787 625 920 674 atque
953 616 1156 674 pristinae
1192 619 1440 678 integritati
1469 634 1537 663 re-

283 681 510 735 stitueret,
571 692 788 741 notasque
826 684 1038 741 Stephani
1068 685 1371 743 aliorumque,
1426 702 1537 737 non,
1598 677 1602 686 ¹

283 750 349 793 vti
371 751 562 804 Bryanus
588 759 636 795 et
661 752 720 795 du
740 750 845 795 Soul
881 755 1102 806 fecerant,
1155 753 1400 806 mutilatas,
1459 754 1537 797 sed

283 813 435 877 plenas
470 819 754 878 integrasque
779 820 1014 872 redderet,
1071 820 1248 878 suasque
1285 823 1339 864 ad
1373 821 1537 865 calcem

285 884 598 942 cuiuscumque
632 886 864 931 voluminis
897 889 1124 932 adiiceret.
1211 884 1263 931 In
1298 888 1538 932 Moralibus

282 949 448 1007 lje-iskii
473 963 608 997 notae
629 954 729 999 sunt
750 957 976 1011 pauciores
1002 965 1050 999 et
1071 963 1285 1000 contexto
1316 955 1458 999 statim
1483 958 1536 999 ab

285 1015 372 1060 alio
406 1020 502 1062 viro
533 1021 667 1076 doc‘to
699 1021 932 1080 aliquoties
968 1022 1215 1066 substratae.
1267 1044 1319 1056 -ω
1361 1025 1539 1076 Nouam

280 1085 563 1144 editionem,
620 1090 738 1132 cuius
778 1087 880 1132 basis
914 1089 974 1132 est
1008 1088 1267 1145 Reiskiana,
1332 1089 1539 1143 instituit,

284 1151 516 1210 dodtisque
539 1154 741 1201 instruxit
765 1166 861 1200 tum
885 1157 969 1200 suis
996 1165 1094 1202 tum
1115 1156 1265 1200 alienis
1285 1158 1539 1201 adnotatio-

284 1219 413 1262 nibus
424 1219 713 1280 lectionisque
724 1225 936 1268 varietate
950 1223 1006 1267 Io.
1030 1225 1165 1283 Georg
1189 1223 1377 1275 liutran,
1411 1223 1541 1266 scho-

282 1283 351 1330 lae
384 1288 561 1333 Anatol.
600 1292 792 1350 Tubing.
830 1291 1005 1335 flector.
1052 1293 1250 1335 Latinam
1293 1288 1542 1335 verfionem

285 1352 447 1398 omifit.
522 1358 715 1402 Primum
758 1357 968 1401 xolumen
1033 1358 1184 1403 nitidis
1235 1356 1431 1400 formulis
1473 1366 1542 1414 ty-

283 1421 565 1479 pographicis
589 1424 856 1480 descriptum
883 1424 1054 1480 prodiit
1077 1425 1310 1483 Tubingae
1341 1437 1477 1482 1791.
1499 1433 1542 1474 8.

282 1488 527 1546 Hucusque
549 1502 698 1534 autem
722 1506 885 1547 operae
911 1487 1222 1548 processerunt
1241 1507 1376 1549 Vsque
1400 1493 1451 1536 ad
1463 1508 1542 1536 vo-

281 1552 436 1599 lumen
457 1558 684 1613 quintum,
716 1557 892 1615 (1793)
929 1574 1018 1614 quo
1038 1560 1155 1602 vitae
1168 1556 1315 1614 parall.
1338 1561 1540 1604 nondum

281 1620 385 1666 sunt
409 1622 650 1667 absolutae.
684 1647 750 1657 --
790 1619 1145 1680 Hyttenbachiuss
1191 1627 1377 1678 Bernas‚
1434 1629 1543 1670 Pro-

283 1684 419 1732 seffor
454 1689 768 1734 Amstelodam.
801 1692 886 1733 iarn
908 1705 931 1733 a
948 1689 1095 1752 multis
1121 1692 1243 1735 annis
1272 1692 1465 1736 versatur
1493 1695 1543 1738 in

281 1770 404 1804 noua
439 1754 655 1800 Plutarchi
690 1758 806 1814 Opp.
843 1758 1071 1809 editione,
1117 1756 1375 1802 recensione
1405 1769 1541 1816 atque

280 1823 683 1880 interpretatione,
741 1826 924 1882 eiusque
958 1825 1305 1883 descriptionem
1334 1840 1383 1870 ac
1405 1826 1544 1883 speci-

283 1904 387 1933 men
408 1890 533 1934 dedit
552 1891 596 1933 in
624 1888 829 1935 Biblioth.
854 1893 1003 1935 critica
1027 1893 1114 1936 vol.
1139 1895 1211 1936 ΙΙΙ.
1245 1902 1356 1949 part.
1379 1895 1414 1939 I.
1435 1899 1542 1942 Ame

284 1956 439 2000 stelod.
464 1963 593 2021 '1787
625 1963 665 2008 8.
693 1973 791 2015 pag.
824 1971 838 1999 1
860 1977 914 1986 -
936 1973 1010 2017 32.
1035 1968 1081 2004 et
1102 1975 1265 2003 nouam
1300 1959 1416 2004 illam
1448 1962 1542 2005 edi-

200 2043 206 2051 ⁴
283 2025 458 2068 tionem
483 2025 647 2069 Oxonii
673 2024 825 2081 praelo
863 2026 1101 2071 subiectum
1125 2028 1201 2079 iri,
1246 2028 1544 2082 adnunciauit,

282 2092 386 2139 ibid.
408 2100 518 2149 part.
541 2093 579 2134 Π
615 2107 709 2152 pag.
739 2092 826 2136 106
851 2093 944 2150 sqq.

388 2159 612 2210 Quaedam
639 2159 845 2216 opuscula
869 2161 1097 2217 separatim
1121 2158 1166 2203 in
1193 2161 1314 2206 vsum
1341 2163 1541 2207 tironum

288 2227 404 2271 edita
429 2235 561 2284 atque
589 2225 791 2271 illustrata
816 2228 930 2271 sunt.
999 2229 1095 2287 Ego
1111 2231 1274 2272 veroin
1299 2243 1540 2284 paucorum

288 2296 715 2338 commemoratione
743 2293 968 2338 subsistam.
1036 2297 1180 2346 Quum
1201 2295 1400 2340 libellum
1422 2298 1478 2340 de
1491 2296 1542 2340 li-

287 2363 500 2405 berorum
525 2362 790 2405 educatione
813 2362 943 2413 olim,
1000 2360 1105 2406 licet
1136 2363 1286 2420 inepte
1320 2372 1367 2408 et
1386 2365 1542 2407 incon-

288 2443 414 2486 give,
453 2432 494 2471 in
521 2429 673 2472 scholis
691 2432 947 2486 frequenter
965 2431 1365 2485 interpretarentur
1388 2431 1541 2478 dosto·

286 2510 381 2540 tes:
418 2496 575 2541 facturn
599 2495 682 2550 est,
718 2506 766 2542 vt
790 2497 992 2542 certatim
1016 2496 1207 2544 ederent
1240 2497 1388 2554 illum,
1440 2498 1539 2542 illu·

1438 2564 1540 2611 stra-
