1727 3005
270 222 334 278 38
549 214 832 263 PEDANIVS
861 214 1241 264 DIOSCORIDES.

271 337 430 388 tellus„
465 340 609 386 iudice
630 340 831 392 Hallero,
867 341 1095 387 botanicus
1111 356 1205 386 non
1219 343 1319 396 fuit,
1354 341 1525 389 etmuh

271 414 343 458 tus
364 406 424 452 est
442 409 487 452 in
506 405 852 467 reprehensione
877 407 1120 451 Hermolai.
1187 411 1528 462 *Commentarii

272 474 439 532 copiofi
462 476 582 527 sunt,
618 485 665 520 et
686 474 809 531 pleni
831 477 1118 533 antiquorum
1141 474 1528 522 librorumlefflo-

271 558 361 599 ne,
396 542 594 599 stirpibus
615 553 764 587 tamen
790 544 958 602 ignotis
982 543 1229 588 reuelandis
1253 559 1348 588 non
1374 549 1532 592 confe-

270 618 392 655 runt.
431 636 486 643 —
528 610 677 666 Opera
700 612 848 654 omnia
878 626 1036 671 graece
1060 622 1108 657 et
1129 609 1291 665 latine,
1340 627 1440 656 cum
1460 626 1531 658 ca-

270 676 576 737 stigationibus
601 679 784 724 eruditis
806 677 894 723 Iac.
931 678 1133 741 Goupyli‚
1179 679 1276 738 (qui
1298 680 1426 724 codd.
1453 676 1533 724 Pa·-
1576 688 1578 691 ’

271 745 342 788 ris,
378 743 598 790 consuluit
611 755 658 790 et
675 754 849 791 textum
864 747 989 792 dedit
1020 747 1358 801 correfflorem)
1396 762 1451 791 ex
1463 747 1538 806 1¹²<

270 814 601 868 terpretatione
631 812 815 871 menn,
852 813 962 858 Falc.
988 824 1073 862 etc.
1101 816 1229 859 PariS.
1263 829 1403 874 1549.
1430 820 1534 866 8.-

273 878 455 936 Optima
472 889 621 925 tamen
642 890 688 925 et
712 897 764 925 ex
786 883 913 926 coddv
944 882 1235 933 emendatior,
1270 899 1319 926 ac
1342 878 1535 940 pleniffi-

273 961 365 998 ma,
417 948 576 993 additis
604 948 858 1008 euporistis,
903 951 1044 994 editio
1069 950 1154 1003 est,
1197 948 1534 1008 reliquiscerte

272 1017 550 1072 praefertur,
596 1032 706 1074 quae
730 1033 831 1062 cura
850 1026 897 1062 et
922 1034 1023 1062 curn
1048 1019 1168 1063 notis
1197 1019 1357 1063 criticis
1377 1016 1414 1062 I.
1437 1011 1536 1077 An·

273 1083 388 1125 tonii
410 1082 629 1138 Saraceni,
659 1084 870 1129 sumtibus
890 1085 984 1129 her.
1008 1088 1059 1130 A.
1080 1084 1295 1138 Wecheli‚
1332 1083 1399 1130 Cl.
1421 1085 1538 1147 Nitr-

273 1149 338 1194 nii
370 1159 417 1195 et
448 1149 514 1195 Io.
553 1152 710 1198 Aubrii
751 1159 890 1212 1598.
926 1152 1002 1197 fol.
1031 1153 1216 1211 prodiit.
1285 1155 1453 1196 Textus
1475 1148 1540 1195 est

275 1213 486 1277 Goupyli.
522 1216 640 1262 Ioan.
662 1215 889 1263 sambucus
912 1222 1103 1278 primurn
1116 1227 1295 1278 ceperat
1310 1216 1539 1263 confilium

273 1297 345 1342 ap.
370 1287 429 1328 H.
444 1283 648 1347 Stephan,
671 1288 836 1332 edendi
860 1287 1172 1345 Dioscoridis„
1200 1288 1274 1331 sed
1300 1285 1442 1341 labori
1458 1285 1540 1330 im·

275 1361 483 1396 mortuus
508 1352 582 1397 est.
620 1356 655 1397 E
680 1354 751 1398 sex
783 1356 899 1400 MSS.
929 1361 976 1400 et
1006 1356 1105 1400 edd.
1130 1355 1315 1398 varietas
1336 1347 1541 1402 leffionis
1582 1356 1591 1364 '

275 1419 324 1462 in
345 1421 545 1479 margine
566 1429 720 1465 notata
752 1421 827 1467 est.
903 1422 1076 1479 Scholia
1111 1421 1352 1478 continent
1388 1433 1542 1478 emen-

277 1486 510 1539 dationes,
542 1486 589 1531 et
613 1489 966 1545 comparationes
980 1488 1168 1532 aliorum
1182 1487 1434 1536 austorum3
1471 1472 1543 1531 Sa-

277 1560 461 1598 racenus
493 1568 604 1600 vero
643 1554 881 1600 herbarum
919 1571 1014 1599 non
1049 1556 1221 1615 peritus
1253 1556 1351 1598 fuit.
1426 1555 1544 1598 Loca

279 1635 391 1679 quae
425 1621 636 1664 videntur
665 1621 807 1677 spuria
846 1622 899 1664 ad
922 1621 1086 1665 calcem
1110 1620 1211 1666 libri
1236 1619 1402 1664 adiecta
1427 1619 1545 1668 sunt.

305 1710 345 1721 -
385 1687 655 1732 Dioscoridis
677 1687 903 1744 Eupoxista
918 1720 930 1740 ‚
966 1690 1158 1744 primum
1180 1704 1245 1749 gr.
1269 1698 1314 1731 et
1329 1687 1401 1732 lat.
1423 1687 1544 1732 edita

282 1755 421 1799 ecod.
448 1753 625 1813 August.
654 1769 734 1811 per
753 1757 870 1798 Ioan.
888 1756 1147 1798 IVloibanum
1166 1763 1212 1799 et
1233 1753 1309 1798 illo
1321 1755 1546 1811 operiirn-

279 1830 484 1867 mortuo.
523 1837 604 1879 per
621 1823 889 1867 ‘Com-adum
916 1824 1178 1873 Gesner-um,
1214 1823 1289 1879 qui
1309 1823 1443 1866 etiam
1463 1836 1547 1864 no-

280 1898 346 1935 tas
368 1889 566 1948 addidit,
599 1893 844 1949 Argentor.
875 1889 1016 1946 1565.
1056 1896 1098 1939 8.
1123 1888 1276 1933 Postea
1307 1890 1545 1950 Sarac-enus

281 1957 340 2001 de
365 1958 545 2016 integro
572 1957 814 2007 recensuit,
867 1972 1123 2016 nouamque
1155 1958 1263 2005 fecit
1296 1954 1547 2006 versionem

282 2024 332 2070 in
357 2023 429 2067 sua
445 2024 721 2068 'Dioscoridis
748 2025 854 2069 edit.

385 2094 659 2149 Quamquam
685 2091 812 2136 multi
836 2095 1040 2150 fuerunt,
1077 2092 1149 2150 qui
1176 2093 1221 2136 in
1236 2091 1548 2137 Dioscoridem

287 2167 732 2219 commentaremur,
785 2167 938 2207 tamen
967 2161 1101 2209 tertia
1122 2162 1242 2205 forte
1263 2176 1361 2221 pars
1379 2157 1550 2221 planta·

1361 2254 1365 2257 -
1446 2240 1548 2272 rum

399 2358 631 2398 Patrianha
689 2358 849 2411 Aquilei.
904 2357 1141 2412 patriarcha.
1211 2355 1298 2396 Kal.
1348 2353 1552 2396 Februarii

395 2421 575 2457 MDXVI-
602 2417 670 2458 fol·
704 2437 755 2445 -
788 2420 924 2457 Eadem
960 2417 1174 2456 Corollaria
1204 2429 1289 2453 cum
1317 2422 1552 2453 commenta-

399 2474 467 2513 riis
492 2471 669 2510 Marcelli
704 2471 873 2524 Wrgz'lzi,
912 2478 1077 2514 Florent.
1104 2475 1144 2511 in
1180 2474 1268 2510 edit.
1303 2474 1551 2521 Argentorat-

402 2536 509 2577 1529
542 2529 611 2568 sol.
644 2542 697 2568 ..τ
729 2533 867 2573 colon.
894 2538 1001 2581 1529
1020 2529 1090 2568 fol.
1112 2529 1204 2570 ibid.
1235 2531 1337 2581 apud
1357 2530 1553 2573 10.Soter.

398 2592 449 2635 15
456 2594 506 2639 30
529 2585 600 2624 fol.
