1686 3025
288 180 412 268 '414⁵'
730 203 1158 254 VRBICIUS.

835 333 874 384 §.
938 337 1012 389 58.
1091 335 1097 340 ‘

395 413 538 462 Vrbi
550 420 692 472 cius,
735 419 775 462 T
777 420 964 473 acticus,
1005 417 1222 482 Anastasio
1241 419 1442 478 principe
1467 414 1557 471 cla*-

279 500 384 531 'rus.
455 489 773 545 Fragmentum
804 486 979 543 scripti,
1022 479 1324 548 ἐπιτήδευμα,
1368 487 1456 532 fiue
1481 491 1552 533 in-

296 562 485 609 uentum
500 586 513 611 ,
551 554 781 610 quomodo
818 554 992 610 pedites
1014 555 1186 598 romani
1207 554 1430 612 equestres
1454 558 1552 600 bar-

275 622 509 664 'barorum
542 622 688 678 copias
722 618 886 678 possint
908 619 1097 666 feliciter
1117 621 1364 680 debellare,
1399 621 1552 683 Ragal-

278 690 386 729 ‘tius
418 703 485 748 gr.
521 696 568 733 et
601 687 679 736 lat.
715 689 857 733 edidit
891 703 991 732 cum
1024 685 1548 751 Onosan'dristrategico·

278 751 500 800 *Lutetiae
519 770 536 800 1
550 768 658 813 599.
686 754 753 804 (in
772 754 889 800 calce
909 764 1058 801 autem
1082 765 1265 802 notatur
1284 770 1354 801 an.
1384 771 1400 801 1
1415 757 1549 816 598⁴)

293 836 345 879 4.
378 838 420 868 v.
456 823 510 867 ad
543 819 671 866 Fabr.
702 825 749 869 Β.
784 825 860 871 Gr.
891 822 979 868 vol.
1015 825 1088 869 IV.
1127 840 1225 885 pag.
1255 831 1364 884 338.
1427 825 1548 867 Nau-

275 885 423 932 ²a¹aem
456 899 610 936 tamen
648 892 694 934 in
735 889 1054 951 bibliographia
1089 891 1288 944 militari,
1335 891 1434 935 feci.
1469 877 1544 935 Ῑὶέ.

274 972 392 1016 pag.
422 966 529 1016 508.
556 959 616 1015 sq.
632 960 704 1012 (in
729 957 899 1000 Creeniz'
920 957 1188 1003 collectione
1207 960 1264 1003 de
1286 959 1544 1003 eruditione

291 1025 614 1082 comparanda,
657 1023 802 1085 Lugd.
835 1027 930 1070 Bae.
970 1025 1111 1083 1699.
1140 1029 1225 1084 4..)
1261 1027 1424 1083 probat
1457 1024 1543 1070 Sal·
1628 1056 1661 1071 2

289 1090 410 1135 mafii
431 1092 731 1144 sententiam,
767 1107 820 1135 ex
850 1094 1036 1149 antiquo
1074 1094 1217 1150 epigr.
1243 1107 1407 1151 graeco
1429 1094 1543 1150 peti-

288 1166 408 1216 tam,
442 1159 616 1202 Taffica
637 1157 709 1200 illa
728 1153 954 1199 Hadriani
975 1158 1254 1214 imperato-ris
1275 1155 1412 1210 fuiffe,
1446 1173 1543 1205 non

271 1220 467 1277 ‘Orbicizg
499 1223 583 1279 <fic
607 1225 728 1267 enim
750 1239 774 1268 a
794 1223 1018 1269 nonnullis
1047 1219 1294 1282 scribitur,)
1331 1227 1542 1282 quoniam

285 1307 337 1335 ea
357 1299 547 1346 tanturn,
584 1307 721 1351 quum
739 1293 815 1336 diu
836 1287 1075 1349 latuissent,
1107 1292 1185 1338 sub
1207 1290 1425 1339 Anastasio
1445 1300 1542 1339 tan-

284 1359 390 1406 dem
411 1367 616 1419 reperta,
646 1355 915 1419 protulisset.
1517 1386 1519 1389 ·

808 1500 852 1552 §0
957 1508 1001 1552 9.

608 1510 1234 1632 ANTHESMIUS.

388 1708 431 1742 Ι.
465 1695 738 1753 Trallianus,
773 1697 1051 1742 mechanicus
1074 1705 1121 1743 et
1139 1696 1426 1750 architectus,
1459 1712 1534 1742 cu·

277 1763 347 1810 ius
370 1779 508 1821 opera
530 1763 787 1808 Iustinianus
811 1781 846 1809 a.
874 1778 981 1824 532.
1005 1765 1102 1809 vsus
1128 1764 1190 1808 est
1212 1767 1258 1808 in
1278 1764 1533 1809 construen-

277 1833 334 1877 da
365 1832 476 1876 aede
500 1832 541 1877 S.
571 1832 776 1889 Sophiae.
845 1849 886 1877 v.
923 1831 1100 1892 Procop.
1124 1832 1292 1878 Caesar.
1326 1832 1382 1876 de
1400 1833 1530 1877 aedifi

277 1899 354 1945 lib.
385 1901 418 1946 Ι.
447 1914 543 1957 cap·
586 1912 626 1943 1.
659 1898 734 1943 lib.
768 1900 822 1943 Π.
857 1915 950 1957 cap,
978 1915 1019 1959 3.
1043 1901 1100 1943 de
1121 1898 1293 1956 templo
1319 1895 1533 1945 Constan'-

278 1970 358 2014 tIn.
387 1969 428 2013 S.
454 1965 649 2025 *Sophiae
675 1981 776 2027 pag.
804 1973 914 2026 284.
935 1966 1011 2011 lib.
1040 1969 1074 2014 Ι,
1141 1972 1303 2029 Κτισμ.
1323 1966 1371 2010 in
1394 1967 1533 2011 mani-

275 2034 384 2094 pulo
406 2031 751 2082 Combefifiano.

380 2136 425 2194 2ss
457 2145 633 2205 Scripsit
661 2143 759 2210 περὶ
789 2137 1056 2210 παραδόξων
1077 2139 1431 2208 μηχανημάτων,
1453 2150 1528 2206 qui

273 2216 390 2262 liber
420 2230 514 2260 non
544 2217 722 2273 integer
742 2214 876 2259 exstat
894 2217 939 2258 in
963 2215 1063 2258 cod.
1083 2215 1338 2258 Vindobon.
1359 2224 1409 2260 vt
1432 2217 1529 2273 qui.

275 2286 377 2329 dam
389 2284 608 2327 Lambecii
631 2284 886 2326 narratione
905 2281 1378 2340 deceptiscripserunt.
1412 2284 1527 2328 Nam

272 2353 324 2396 in
345 2351 423 2396 illo
447 2352 548 2396 cod.
572 2351 779 2410 exiguum
793 2348 892 2394 libri
914 2350 1272 2393 mechanicorum
1295 2348 1524 2394 Anthemii

273 2423 588 2479 fragmentum,
604 2426 795 2476 quatuor
813 2416 954 2461 solum
968 2415 1312 2475 problematibus
1331 2414 1524 2471 finitum,

273 2487 599 2549 tantummodo·
622 2483 812 2542 exstare,
846 2486 1000 2532 docuit
1019 2480 1238 2531 Kollarius
1259 2485 1313 2530 ad
1337 2482 1521 2559 Lambe3

1465 2565 1520 2596 cn
