1727 3005
570 265 992 316 ARTEMIDORVS.
1317 279 1336 310 1
1353 278 1409 325 ¹7

153 396 304 447 Zeune
348 395 491 442 edidit
536 410 606 456 gr.
642 402 690 442 et
727 382 953 453 explicuit
965 391 1171 438 eumdem
1202 386 1404 436 libellum

151 479 235 509 vna
256 479 356 509 cum
376 464 690 521 Xenophontis
727 461 944 521 opusculis
978 459 1168 519 politicis
1194 457 1406 517 equestri-

154 530 235 576 bus
260 541 307 577 et
331 533 554 577 venaticis.
580 528 742 588 Lipsiae
772 535 911 587 1778.
938 535 982 581 8

258 613 300 657 ς.
336 598 535 656 Scriptor
566 597 654 641 est
651 612 821 649 verax,
865 596 1005 641 tersus
1043 602 1177 654 atque
1211 592 1404 656 elegans,

151 668 230 725 qui
249 665 600 723 Xenophontem
624 679 719 708 non
762 627 904 707 solum
935 664 1131 710 imitatus
1158 661 1246 714 est,
1286 663 1407 707 vnde

151 732 408 790 Xenophon
428 732 576 775 iunior
592 731 767 782 dicitur,
802 730 876 775 sed
895 730 989 774 eius
1013 745 1196 789 quoque
1215 731 1405 776 virtutes

33 776 40 787 ι
72 841 74 843 .
146 800 384 846 scribendo
407 813 550 857 paene
571 798 853 858 adsequutus.

247 868 290 914 6.
324 868 428 913 Cof
458 859 665 919 ‘Fabricii
704 867 752 911 B.
786 865 863 912 Gr.
904 861 1008 910 Vol.
1048 861 1126 909 IV
1152 865 1284 910 «Libr.
1327 865 1406 910 IV.

146 933 207 979 de
236 932 344 991 illo,
403 933 476 976 vbi
500 931 625 990 plura
659 933 846 990 notaui,
893 940 942 976 et
976 931 1240 988 scriptores,
1290 945 1407 987 quos

143 996 376 1060 Hamberg.
397 1001 444 1044 in
466 998 629 1045 zuverl
656 1000 818 1045 Nachr.
853 997 955 1044 Vol
994 1000 1050 1044 ΙΙ.
1083 1012 1182 1056 pag.
1215 1007 1326 1056 350
1356 1004 1409 1043 et

143 1065 285 1111 Saxe
273 1082 320 1111 1n
342 1066 567 1113 Onomast.
589 1066 710 1114 liter.
734 1069 771 1111 Ι.
796 1081 896 1127 pag.
933 1072 1042 1126 298.
1072 1063 1267 1111 laudant.
1331 1058 1408 1108 ’,83

144 1133 333 1185 Croixl.
356 1149 490 1183 mem
518 1149 621 1198 pag.
647 1148 704 1180 22
729 1135 824 1197 sqq.

691 1272 734 1323 ᾗ.
837 1301 850 1315 .

529 1402 532 1403 f
546 1280 992 1404 ARTEM13D70RVS.

247 1482 288 1515 1.
329 1469 417 1515 Sub
433 1469 648 1519 Hadriani
680 1475 727 1514 et
747 1466 811 1513 Pii
846 1467 1125 1525 temporibus
1160 1458 1309 1509 vixisse
1340 1462 1404 1507 vi-

143 1537 276 1583 detur
297 1536 426 1579 Saxio
447 1538 493 1580 in
514 1536 678 1582 Onom.
703 1533 792 1581 litt.
821 1536 855 1580 Ι.
888 1551 986 1594 pag.
1021 1547 1115 1592 299
1153 1532 1266 1576 duce
1302 1529 1401 1588 ipso

142 1603 434 1649 Artemidoro
467 1604 622 1647 Oneir.
658 1604 692 1647 Ι.
737 1609 814 1651 28.
840 1610 888 1646 et
926 1604 997 1646 66.
1039 1600 1124 1645 Sed
1149 1599 1289 1643 Henr.
1319 1597 1402 1639 Va-

141 1669 295 1726 Iaessus
284 1685 331 1714 m
353 1669 656 1714 emendation.
677 1666 753 1712 lib.
775 1669 849 1711 111.
876 1682 969 1723 cap.
1002 1681 1047 1724 9
1082 1680 1182 1724 pag.
1218 1678 1295 1721 90.
1333 1663 1401 1708 su·

139 1737 345 1795 spicatur,
378 1733 728 1781 Artemidorum
749 1734 1000 1791 principatu
1021 1735 1076 1781 D.
1091 1726 1404 1776 Marcivixiffe.

139 1806 229 1851 Sub
245 1805 501 1848 Domitiano
531 1811 578 1847 et
592 1800 792 1848 Traiano
814 1796 1009 1846 floruisse
1029 1798 1181 1855 illum,
1215 1805 1261 1842 et
1273 1793 1399 1841 fuisse

141 1872 198 1918 C.
222 1871 412 1916 Musonii
438 1883 682 1930 generum,
717 1884 934 1926 eumque,
970 1868 1025 1915 ad
1063 1881 1197 1925 quem
1228 1863 1400 1907 Plinius

142 1937 222 1985 111.
255 1938 374 1996 epist.
419 1950 491 1982 11.
523 1935 704 1995 scripsit,
741 1938 801 1980 ait
835 1938 1076 1981 Catanaeus
1108 1936 1156 1978 in
1189 1933 1307 1978 notis
1342 1931 1398 1976 ad

142 2003 270 2050 Plinii
296 2004 534 2063 epistolam,
569 2013 700 2061 atque
723 2004 769 2047 in
792 2004 945 2047 eadem'
959 2003 1156 2048 versatur
1176 2000 1395 2045 sententia

139 2074 432 2118 Heumannus
460 2073 505 2116 in
527 2080 635 2116 nota
661 2069 764 2116 msta
799 2071 852 2115 ad
877 2070 1064 2115 Fabricii
1102 2071 1148 2113 B.
1187 2070 1261 2113 Gr.
1294 2081 1392 2124 pag.

138 2150 253 2198 403.
285 2148 371 2185 vet.
403 2139 473 2186 ed.
506 2146 551 2184 at
586 2139 748 2184 Fabric.
780 2138 948 2183 ibidem
991 2153 1091 2197 pag.
1125 2136 1239 2194 406.
1275 2133 1395 2178 hunc

139 2207 332 2259 tectius,
367 2208 556 2264 opinor,
604 2204 831 2259 distinguit
866 2207 918 2249 ab
943 2204 1260 2260 Artemidoro,
1296 2200 1398 2244 scri-

140 2283 277 2332 ptore
298 2274 642 2318 Oneirocritico.
709 2274 832 2317 Mera
852 2281 1000 2316 autem
1023 2270 1083 2315 est
1105 2284 1243 2329 eaque
1266 2266 1395 2312 valde

141 2341 275 2386 dubia
312 2340 562 2386 coniectura
584 2335 817 2390 Remum,
855 2341 930 2397 qui
968 2341 1014 2385 in
1043 2337 1164 2397 epist.
1199 2336 1252 2379 ad
1272 2333 1398 2379 Reis-

143 2402 295 2462 kium,
350 2407 497 2467 (huius
538 2409 655 2452 vitae
696 2408 948 2466 germanice
986 2405 1170 2464 scriptae
1207 2400 1394 2457 adiec'ta)

143 2488 245 2534 pag
257 2488 377 2535 359
367 2475 550 2520 reieffiia
566 2457 1235 2535 RigaltiietFabriciisententia,
1264 2467 1396 2515 illum

143 2543 420 2604 temporibus
441 2541 717 2591 Constantini
749 2543 950 2600 imperat
979 2541 1170 2603 adligat,
1213 2551 1315 2648 nagn
1347 2538 1397 2580 in

740 2611 788 2656 H
823 2623 845 2670 3
1303 2610 1395 2650 rte·
