1753 3005
710 246 946 299 STRABO.
1404 266 1424 300 1
1438 267 1462 314 ς

208 370 364 419 Christi
393 372 504 432 976.
532 379 577 419 et
603 374 711 433 996.
735 376 812 420 sub
838 373 989 421 Basilio
1015 371 1342 436 Bulgarorstono
1360 383 1470 423 con-⁴

207 443 379 486 cinnata
412 438 527 500 effe,
578 442 693 487 haud
728 454 899 489 temere
927 444 1162 501 suspicatur
1194 443 1254 491 H.
1274 442 1470 490 Dodtvell

203 510 252 572 in
276 507 441 554 differt.
468 511 524 553 de
545 512 815 568 Excerptore
841 512 1082 556 Strabonis.

306 580 397 621 Has
425 576 794 622 Chrestomathias
819 580 986 635 primus
1010 579 1209 638 vulgauit
1239 595 1306 640 gr.
1328 578 1463 641 Szgis.

203 640 347 688 mund.
384 641 584 687 Gelenius
610 660 718 707 rcum
748 647 924 691 Arriani
959 655 1004 692 et
1029 647 1256 692 Hannonis
1277 649 1461 706 periplis

203 721 252 758 et
282 711 516 757 Plutarcho
551 712 608 755 de
650 711 904 758 fluminibus
952 724 999 760 et
1031 716 1285 769 montibus,
1340 714 1459 764 Basil.

208 790 348 840 1533.
372 790 414 833 4.
439 787 535 824 tum
554 795 713 840 graece
738 789 785 827 et
807 780 880 826 lat,
906 797 1006 826 cum
1043 782 1258 826 Gemusae
1293 782 1458 827 versio-

199 862 258 891 ne
279 850 413 906 (quae
436 847 534 905 post
554 849 775 893 Dominici
800 850 929 894 Marii
962 850 1093 908 Nigri
1119 851 1284 894 Veneti
1317 848 1458 895 libros

169 916 272 963 XI.
309 915 616 976 Geographiae
638 919 847 976 prodiit,
902 918 1066 962 venet:
1103 929 1246 974 1557.
1283 916 1380 971 fol.)
1409 927 1458 963 et:

197 982 341 1030 Henr.
364 982 588 1028 Dodwelli
609 980 773 1031 differt.
795 987 852 1031 de
875 994 1021 1031 aetate
1048 984 1263 1041 audioris,
1314 987 1458 1030 notis-

198 1066 286 1109 que
308 1052 514 1096 breuibus
538 1050 592 1094 Io.
611 1049 836 1112 Hudsoni,
873 1056 993 1100 inter
1016 1052 1222 1104 Eiusdem
1257 1052 1456 1112 Geogra-

196 1119 336 1177 phos,
380 1135 446 1179 gr.
469 1121 678 1170 mino-res,
707 1121 881 1168 V01.11.
915 1123 1061 1168 Oxon.
1089 1133 1229 1179 1703.
1256 1123 1296 1170 8.
1320 1135 1453 1183 quam

196 1188 406 1233 Hudsoni
440 1188 744 1247 recensionem
785 1188 1040 1234 Almeloueen
1074 1189 1246 1245 recepit
1273 1188 1319 1230 in
1341 1181 1451 1234 edit.

193 1256 436 1307 Strabonis.
478 1257 859 1306 Chrestomathiae
893 1267 1045 1305 tamen
1076 1256 1281 1302 nondum
1304 1255 1454 1301 editae

193 1320 337 1374 latent
364 1326 411 1368 in
434 1323 637 1373 biblioth.

299 1405 342 1448 ς.
371 1393 570 1449 Scriptor
592 1395 653 1439 est
677 1389 918 1441 vtilil'simus
934 1427 946 1450 ,
982 1395 1059 1454 qui
1090 1408 1191 1438 cum
1215 1407 1365 1438 rerum
1389 1391 1449 1436 sa-

193 1473 366 1503 crarum
385 1458 595 1514 studiofis‚
628 1472 726 1508 tum
745 1465 963 1514 omnibus,
998 1463 1073 1520 qui
1098 1470 1275 1506 veteres
1301 1468 1450 1505 amant

191 1526 409 1584 supraque
428 1528 610 1587 vulgum
632 1530 781 1585 sapere
806 1530 1022 1590 gestiunt,
1071 1543 1165 1571 non
1206 1528 1302 1573 satis
1328 1542 1451 1571 com-

190 1593 390 1638 mendari
410 1595 570 1651 potest.
639 1598 732 1640 Suis
758 1599 878 1639 enim
905 1605 952 1640 et
972 1597 1186 1640 orationis
1211 1602 1258 1639 et
1283 1609 1449 1648 rerum,

190 1673 292 1718 quas
316 1663 526 1719 exponit,
558 1664 795 1707 virtutibus
821 1663 1047 1720 splendet,
1093 1664 1154 1705 ita
1185 1670 1234 1705 vt
1268 1663 1449 1705 Strabo-

188 1729 320 1774 niana
339 1731 459 1773 orbis
481 1730 721 1788 descriptio
746 1732 910 1775 veteris
935 1729 1140 1774 historiae
1163 1743 1258 1771 non
1285 1730 1449 1783 minus,

189 1811 321 1856 quam
345 1798 651 1858 Geographiae
684 1797 936 1852 thesaurus,
981 1795 1186 1856 fingulari
1207 1796 1369 1839 iudicio
1396 1811 1446 1840 ae

188 1862 365 1911 delestu
387 1864 680 1923 compositus,
712 1869 808 1909 iure
834 1866 910 1909 suo
937 1864 1090 1909 haberi
1112 1860 1258 1921 posfit.
1331 1865 1446 1908 Nam

140 1980 143 1981 ⁷
186 1933 372 1987 Strabo,
408 1949 543 1991 quum
564 1942 713 1978 acutus
741 1929 851 1978 effet
872 1931 1188 1991 philosophus,
1242 1938 1310 1983 et,
1354 1932 1446 1975 vbi-

187 2014 378 2061 cumque
398 2003 623 2059 potuerit,
659 2003 808 2047 omnia
838 2001 930 2058 ipse
950 1999 1154 2045 sollerter
1189 1997 1448 2058 inuestigas-

182 2063 277 2122 set,
308 2082 484 2112 errores
515 2069 790 2126 superiorum
811 2067 1217 2128 geographicorum
1247 2067 1445 2123 peruidit

185 2145 321 2194 atque
350 2137 631 2197 emendauit,
678 2145 725 2180 et
744 2137 800 2180 de
826 2135 908 2180 illis
946 2135 1128 2193 aliisque
1152 2136 1284 2178 rebus
1311 2133 1444 2178 subti-

185 2201 289 2248 liter
320 2204 544 2248 iudicauit.
571 2205 788 2261 Sequutus
822 2212 974 2248 autem
1011 2202 1072 2248 est
1111 2200 1441 2259 Apollodorum

185 2269 510 2315 Atheniensem
525 2270 852 2328 Callisthenem,
870 2270 1172 2322 Damae-hum,
1186 2268 1443 2312 Artemido-

185 2351 299 2392 rum,
313 2338 555 2397 Ephorum,
591 2337 803 2397 aliosque,
816 2339 1014 2397 inprimis
1027 2332 1379 2382 Eratosthenem.
1396 2333 1440 2390 ²⁸¹)

1327 2405 1443 2453 Qua-

239 2487 285 2538 θ’)
312 2490 456 2529 Confer
479 2495 526 2530 cl.
546 2467 731 2530 Mannert
750 2493 791 2531 in
823 2493 1066 2546 GeographIe
1095 2492 1163 2530 der
1195 2492 1298 2526 alten
1333 2488 1444 2526 Grie⁴

297 2548 396 2588 chen
425 2550 504 2589 und
531 2549 686 2592 Rbmer.
727 2557 824 2590 tom·
846 2560 897 2607 *10
922 2562 1009 2602 pag·
1034 2559 1084 2600 97
1118 2549 1196 2600 sqq·
1233 2549 1281 2586 ⁶¹·
1317 2540 1443 2636 G‘c‘f'h

1380 2609 1438 2635 ΟΥ.
