<?xml version="1.0" encoding="UTF-8"?>
<!DOCTYPE html PUBLIC "-//W3C//DTD XHTML 1.0 Transitional//EN"
    "http://www.w3.org/TR/xhtml1/DTD/xhtml1-transitional.dtd">
<html xmlns="http://www.w3.org/1999/xhtml" xml:lang="en" lang="en">
 <head>
  <title>
</title>
<meta http-equiv="Content-Type" content="text/html;charset=utf-8" />
  <meta name='ocr-system' content='tesseract 3.04.00' />
  <meta name='ocr-capabilities' content='ocr_page ocr_carea ocr_par ocr_line ocrx_word'/>
</head>
<body>
  <div class='ocr_page' id='page_1' title='image "./p1theophilichristo02harluoft_0037.png"; bbox 0 0 1727 3005; ppageno 0'>
   <div class='ocr_carea' id='block_1_1' title="bbox 743 231 1463 294">
    <p class='ocr_par' dir='ltr' id='par_1_1' title="bbox 743 231 1463 294">
     <span class='ocr_line' id='line_1_1' title="bbox 743 231 1463 294; baseline -0.001 -14"><span class='ocrx_word' id='word_1_1' title='bbox 743 231 927 281; x_wconf 71' lang='lat' dir='ltr'>PHJLO.</span> <span class='ocrx_word' id='word_1_2' title='bbox 1383 245 1463 294; x_wconf 40' lang='grc' dir='ltr'>,ις</span> 
     </span>
    </p>
   </div>
   <div class='ocr_carea' id='block_1_2' title="bbox 166 355 1528 1906">
    <p class='ocr_par' dir='ltr' id='par_1_2' title="bbox 166 355 1496 690">
     <span class='ocr_line' id='line_1_2' title="bbox 209 355 1469 420; baseline -0.002 -13"><span class='ocrx_word' id='word_1_3' title='bbox 209 361 268 408; x_wconf 83' lang='lat' dir='ltr'>sc.</span> <span class='ocrx_word' id='word_1_4' title='bbox 297 376 431 420; x_wconf 88' lang='lat' dir='ltr'>quare</span> <span class='ocrx_word' id='word_1_5' title='bbox 459 361 738 420; x_wconf 85' lang='lat' dir='ltr'>quorundam</span> <span class='ocrx_word' id='word_1_6' title='bbox 776 357 823 405; x_wconf 88' lang='lat' dir='ltr'>in</span> <span class='ocrx_word' id='word_1_7' title='bbox 855 358 980 404; x_wconf 86' lang='lat' dir='ltr'>sacris</span> <span class='ocrx_word' id='word_1_8' title='bbox 1008 356 1167 404; x_wconf 85' lang='lat' dir='ltr'>litteris</span> <span class='ocrx_word' id='word_1_9' title='bbox 1189 361 1358 402; x_wconf 86' lang='lat' dir='ltr'>mutata</span> <span class='ocrx_word' id='word_1_10' title='bbox 1383 355 1469 405; x_wconf 83' lang='lat' dir='ltr'>sint</span> 
     </span>
     <span class='ocr_line' id='line_1_3' title="bbox 166 424 1496 487; baseline -0.004 -13"><span class='ocrx_word' id='word_1_11' title='bbox 166 442 168 444; x_wconf 88' lang='grc'><strong><em>·</em></strong></span> <span class='ocrx_word' id='word_1_12' title='bbox 210 431 416 474; x_wconf 85' lang='lat' dir='ltr'>nomina:</span> <span class='ocrx_word' id='word_1_13' title='bbox 450 431 508 474; x_wconf 90' lang='lat' dir='ltr'>de</span> <span class='ocrx_word' id='word_1_14' title='bbox 534 430 804 475; x_wconf 82' lang='lat' dir='ltr'>formatione</span> <span class='ocrx_word' id='word_1_15' title='bbox 827 431 944 472; x_wconf 88' lang='lat' dir='ltr'>Euae</span> <span class='ocrx_word' id='word_1_16' title='bbox 969 442 1024 471; x_wconf 84' lang='lat' dir='ltr'>ex</span> <span class='ocrx_word' id='word_1_17' title='bbox 1044 427 1203 472; x_wconf 86' lang='lat' dir='ltr'>Adami</span> <span class='ocrx_word' id='word_1_18' title='bbox 1228 424 1382 479; x_wconf 86' lang='lat' dir='ltr'>latere,</span> <span class='ocrx_word' id='word_1_19' title='bbox 1421 433 1470 473; x_wconf 88' lang='lat' dir='ltr'>et</span> <span class='ocrx_word' id='word_1_20' title='bbox 1494 485 1496 487; x_wconf 12' lang='grc' dir='ltr'><strong><em>ι</em></strong></span> 
     </span>
     <span class='ocr_line' id='line_1_4' title="bbox 212 493 1474 557; baseline -0.003 -15"><span class='ocrx_word' id='word_1_21' title='bbox 212 498 271 542; x_wconf 87' lang='lat' dir='ltr'>de</span> <span class='ocrx_word' id='word_1_22' title='bbox 296 497 680 557; x_wconf 57' lang='lat' dir='ltr'>Vtriusquelapsus</span> <span class='ocrx_word' id='word_1_23' title='bbox 712 493 936 555; x_wconf 83' lang='lat' dir='ltr'>Expofitio</span> <span class='ocrx_word' id='word_1_24' title='bbox 948 494 1183 556; x_wconf 82' lang='lat' dir='ltr'>allegorica</span> <span class='ocrx_word' id='word_1_25' title='bbox 1196 494 1474 539; x_wconf 83' lang='lat' dir='ltr'>somniorum</span> 
     </span>
     <span class='ocr_line' id='line_1_5' title="bbox 210 556 1475 624; baseline -0.003 -15"><span class='ocrx_word' id='word_1_26' title='bbox 210 556 390 623; x_wconf 87' lang='lat' dir='ltr'>Iosephi</span> <span class='ocrx_word' id='word_1_27' title='bbox 413 574 459 611; x_wconf 93' lang='lat' dir='ltr'>et</span> <span class='ocrx_word' id='word_1_28' title='bbox 487 564 741 616; x_wconf 86' lang='lat' dir='ltr'>Pharaonis,</span> <span class='ocrx_word' id='word_1_29' title='bbox 771 579 954 624; x_wconf 82' lang='lat' dir='ltr'>graece,</span> <span class='ocrx_word' id='word_1_30' title='bbox 983 579 1008 607; x_wconf 90' lang='lat' dir='ltr'>e</span> <span class='ocrx_word' id='word_1_31' title='bbox 1031 562 1301 608; x_wconf 87' lang='lat' dir='ltr'>bibliotheca</span> <span class='ocrx_word' id='word_1_32' title='bbox 1323 563 1475 620; x_wconf 84' lang='lat' dir='ltr'>Augu·</span> 
     </span>
     <span class='ocr_line' id='line_1_6' title="bbox 213 628 1475 690; baseline -0.004 -13"><span class='ocrx_word' id='word_1_33' title='bbox 213 632 330 678; x_wconf 90' lang='lat' dir='ltr'>stana</span> <span class='ocrx_word' id='word_1_34' title='bbox 344 666 356 685; x_wconf 88' lang='lat'>‚</span> <span class='ocrx_word' id='word_1_35' title='bbox 393 648 510 678; x_wconf 88' lang='lat' dir='ltr'>nunc</span> <span class='ocrx_word' id='word_1_36' title='bbox 531 632 723 690; x_wconf 86' lang='lat' dir='ltr'>primum</span> <span class='ocrx_word' id='word_1_37' title='bbox 746 632 865 676; x_wconf 87' lang='lat' dir='ltr'>edita</span> <span class='ocrx_word' id='word_1_38' title='bbox 885 630 1029 679; x_wconf 87' lang='lat' dir='ltr'>studio</span> <span class='ocrx_word' id='word_1_39' title='bbox 1054 640 1100 676; x_wconf 85' lang='lat' dir='ltr'>et</span> <span class='ocrx_word' id='word_1_40' title='bbox 1125 645 1225 675; x_wconf 86' lang='lat' dir='ltr'>cum</span> <span class='ocrx_word' id='word_1_41' title='bbox 1243 630 1364 676; x_wconf 88' lang='lat' dir='ltr'>notis</span> <span class='ocrx_word' id='word_1_42' title='bbox 1384 628 1475 672; x_wconf 91' lang='lat' dir='ltr'>Da-</span> 
     </span>
    </p>

    <p class='ocr_par' dir='ltr' id='par_1_3' title="bbox 180 696 1528 1906">
     <span class='ocr_line' id='line_1_7' title="bbox 213 696 1380 757; baseline 0.001 -13"><span class='ocrx_word' id='word_1_43' title='bbox 213 696 305 746; x_wconf 76' lang='lat' dir='ltr'>uid.</span> <span class='ocrx_word' id='word_1_44' title='bbox 331 696 583 757; x_wconf 55' lang='lat' dir='ltr'>Hoefchelit}</span> <span class='ocrx_word' id='word_1_45' title='bbox 625 701 823 743; x_wconf 79' lang='lat' dir='ltr'>Francos.</span> <span class='ocrx_word' id='word_1_46' title='bbox 850 699 914 744; x_wconf 88' lang='lat'>10.</span> <span class='ocrx_word' id='word_1_47' title='bbox 933 697 1130 757; x_wconf 79' lang='lat' dir='ltr'>Wechel.</span> <span class='ocrx_word' id='word_1_48' title='bbox 1165 704 1315 756; x_wconf 85' lang='lat'>1587.&#39;</span> <span class='ocrx_word' id='word_1_49' title='bbox 1338 704 1380 749; x_wconf 87' lang='lat'>8.</span> 
     </span>
     <span class='ocr_line' id='line_1_8' title="bbox 316 761 1472 825; baseline -0.002 -13"><span class='ocrx_word' id='word_1_50' title='bbox 316 763 668 825; x_wconf 74' lang='lat' dir='ltr'>Locupletiffirna</span> <span class='ocrx_word' id='word_1_51' title='bbox 690 767 892 810; x_wconf 85' lang='lat' dir='ltr'>omniurn</span> <span class='ocrx_word' id='word_1_52' title='bbox 915 761 1123 817; x_wconf 77' lang='lat' dir='ltr'>Philonis,</span> <span class='ocrx_word' id='word_1_53' title='bbox 1158 781 1270 824; x_wconf 89' lang='lat' dir='ltr'>quae</span> <span class='ocrx_word' id='word_1_54' title='bbox 1285 764 1472 822; x_wconf 84' lang='lat' dir='ltr'>reperiri</span> 
     </span>
     <span class='ocr_line' id='line_1_9' title="bbox 212 829 1477 893; baseline -0.005 -14"><span class='ocrx_word' id='word_1_55' title='bbox 212 843 489 893; x_wconf 82' lang='lat' dir='ltr'>potuerunt,</span> <span class='ocrx_word' id='word_1_56' title='bbox 557 849 748 892; x_wconf 88' lang='lat' dir='ltr'>operum</span> <span class='ocrx_word' id='word_1_57' title='bbox 779 834 921 878; x_wconf 90' lang='lat' dir='ltr'>editio</span> <span class='ocrx_word' id='word_1_58' title='bbox 956 830 1017 878; x_wconf 88' lang='lat' dir='ltr'>est</span> <span class='ocrx_word' id='word_1_59' title='bbox 1052 829 1236 875; x_wconf 85' lang='lat' dir='ltr'>Thomae</span> <span class='ocrx_word' id='word_1_60' title='bbox 1270 833 1477 893; x_wconf 67' lang='lat' dir='ltr'>Mangyy,</span> 
     </span>
     <span class='ocr_line' id='line_1_10' title="bbox 214 899 1480 960; baseline -0.001 -15"><span class='ocrx_word' id='word_1_61' title='bbox 214 904 291 960; x_wconf 90' lang='lat' dir='ltr'>qui</span> <span class='ocrx_word' id='word_1_62' title='bbox 313 911 487 948; x_wconf 86' lang='lat' dir='ltr'>textum</span> <span class='ocrx_word' id='word_1_63' title='bbox 511 917 613 946; x_wconf 88' lang='lat' dir='ltr'>cum</span> <span class='ocrx_word' id='word_1_64' title='bbox 636 899 968 960; x_wconf 78' lang='lat' dir='ltr'>MSStis(X111.&gt;</span> <span class='ocrx_word' id='word_1_65' title='bbox 981 899 1200 954; x_wconf 88' lang='lat' dir='ltr'>contulit,</span> <span class='ocrx_word' id='word_1_66' title='bbox 1238 915 1368 959; x_wconf 84' lang='lat' dir='ltr'>quam</span> <span class='ocrx_word' id='word_1_67' title='bbox 1383 901 1480 957; x_wconf 83' lang='lat' dir='ltr'>plu·</span> 
     </span>
     <span class='ocr_line' id='line_1_11' title="bbox 212 968 1479 1026; baseline -0.002 -12"><span class='ocrx_word' id='word_1_68' title='bbox 212 971 322 1014; x_wconf 79' lang='lat' dir='ltr'>rima</span> <span class='ocrx_word' id='word_1_69' title='bbox 347 971 480 1015; x_wconf 84' lang='lat' dir='ltr'>etiarn</span> <span class='ocrx_word' id='word_1_70' title='bbox 502 985 527 1015; x_wconf 88' lang='lat' dir='ltr'>e</span> <span class='ocrx_word' id='word_1_71' title='bbox 552 969 685 1015; x_wconf 89' lang='lat' dir='ltr'>codd.</span> <span class='ocrx_word' id='word_1_72' title='bbox 716 971 957 1024; x_wconf 82' lang='lat' dir='ltr'>Vaticano,</span> <span class='ocrx_word' id='word_1_73' title='bbox 1009 970 1218 1013; x_wconf 81' lang='lat' dir='ltr'>Mediceo</span> <span class='ocrx_word' id='word_1_74' title='bbox 1245 968 1344 1026; x_wconf 79' lang='lat' dir='ltr'>(qui</span> <span class='ocrx_word' id='word_1_75' title='bbox 1364 969 1479 1013; x_wconf 89' lang='lat' dir='ltr'>anti-</span> 
     </span>
     <span class='ocr_line' id='line_1_12' title="bbox 213 1033 1479 1096; baseline 0 -16"><span class='ocrx_word' id='word_1_76' title='bbox 213 1033 436 1094; x_wconf 74' lang='lat' dir='ltr'>quissimus</span> <span class='ocrx_word' id='word_1_77' title='bbox 457 1046 509 1083; x_wconf 88' lang='lat' dir='ltr'>et</span> <span class='ocrx_word' id='word_1_78' title='bbox 533 1039 728 1095; x_wconf 87' lang='lat' dir='ltr'>optimus</span> <span class='ocrx_word' id='word_1_79' title='bbox 752 1036 871 1095; x_wconf 77' lang='lat' dir='ltr'>fuit,)</span> <span class='ocrx_word' id='word_1_80' title='bbox 912 1045 961 1081; x_wconf 87' lang='lat' dir='ltr'>et</span> <span class='ocrx_word' id='word_1_81' title='bbox 982 1035 1226 1083; x_wconf 78' lang='lat' dir='ltr'>Bodleiano</span> <span class='ocrx_word' id='word_1_82' title='bbox 1241 1071 1256 1096; x_wconf 85' lang='lat'><strong><em>‚</em></strong></span> <span class='ocrx_word' id='word_1_83' title='bbox 1287 1036 1479 1093; x_wconf 82' lang='lat' dir='ltr'>scripto-</span> 
     </span>
     <span class='ocr_line' id='line_1_13' title="bbox 213 1104 1478 1163; baseline -0.001 -15"><span class='ocrx_word' id='word_1_84' title='bbox 213 1106 335 1149; x_wconf 81' lang='lat' dir='ltr'>ribus</span> <span class='ocrx_word' id='word_1_85' title='bbox 360 1107 471 1151; x_wconf 88' lang='lat' dir='ltr'>item</span> <span class='ocrx_word' id='word_1_86' title='bbox 493 1104 700 1159; x_wconf 75' lang='lat' dir='ltr'>vetustiS,</span> <span class='ocrx_word' id='word_1_87' title='bbox 754 1120 838 1149; x_wconf 89' lang='lat' dir='ltr'>nec</span> <span class='ocrx_word' id='word_1_88' title='bbox 865 1120 960 1149; x_wconf 90' lang='lat' dir='ltr'>non</span> <span class='ocrx_word' id='word_1_89' title='bbox 986 1105 1164 1150; x_wconf 88' lang='lat' dir='ltr'>Catenis</span> <span class='ocrx_word' id='word_1_90' title='bbox 1191 1105 1358 1163; x_wconf 88' lang='lat' dir='ltr'>graecis</span> <span class='ocrx_word' id='word_1_91' title='bbox 1381 1104 1478 1147; x_wconf 87' lang='lat' dir='ltr'>ine-</span> 
     </span>
     <span class='ocr_line' id='line_1_14' title="bbox 213 1170 1480 1232; baseline -0.001 -16"><span class='ocrx_word' id='word_1_92' title='bbox 213 1172 348 1226; x_wconf 87' lang='lat' dir='ltr'>ditis,</span> <span class='ocrx_word' id='word_1_93' title='bbox 383 1174 568 1226; x_wconf 82' lang='lat' dir='ltr'>adiecit‚</span> <span class='ocrx_word' id='word_1_94' title='bbox 603 1174 1116 1232; x_wconf 81' lang='lat' dir='ltr'>interpretationemque</span> <span class='ocrx_word' id='word_1_95' title='bbox 1148 1170 1345 1224; x_wconf 85' lang='lat' dir='ltr'>(Gelenii</span> <span class='ocrx_word' id='word_1_96' title='bbox 1369 1170 1480 1216; x_wconf 87' lang='lat' dir='ltr'>alio-</span> 
     </span>
     <span class='ocr_line' id='line_1_15' title="bbox 216 1240 1482 1303; baseline -0.001 -20"><span class='ocrx_word' id='word_1_97' title='bbox 216 1240 425 1298; x_wconf 82' lang='lat' dir='ltr'>rumque)</span> <span class='ocrx_word' id='word_1_98' title='bbox 462 1241 741 1303; x_wconf 82' lang='lat' dir='ltr'>emendauit,</span> <span class='ocrx_word' id='word_1_99' title='bbox 776 1240 977 1286; x_wconf 86' lang='lat' dir='ltr'>vniuersa</span> <span class='ocrx_word' id='word_1_100' title='bbox 1000 1242 1121 1285; x_wconf 86' lang='lat' dir='ltr'>notis</span> <span class='ocrx_word' id='word_1_101' title='bbox 1143 1248 1190 1285; x_wconf 84' lang='lat' dir='ltr'>et</span> <span class='ocrx_word' id='word_1_102' title='bbox 1202 1240 1482 1284; x_wconf 84' lang='lat' dir='ltr'>obseruatio-</span> 
     </span>
     <span class='ocr_line' id='line_1_16' title="bbox 215 1306 1481 1365; baseline 0.002 -16"><span class='ocrx_word' id='word_1_103' title='bbox 215 1308 345 1351; x_wconf 89' lang='lat' dir='ltr'>nibus</span> <span class='ocrx_word' id='word_1_104' title='bbox 367 1307 622 1362; x_wconf 83' lang='lat' dir='ltr'>illustrauit,</span> <span class='ocrx_word' id='word_1_105' title='bbox 657 1306 759 1353; x_wconf 90' lang='lat' dir='ltr'>Vol.</span> <span class='ocrx_word' id='word_1_106' title='bbox 782 1310 816 1354; x_wconf 89' lang='lat'>1.</span> <span class='ocrx_word' id='word_1_107' title='bbox 842 1309 1112 1353; x_wconf 84' lang='lat' dir='ltr'>1LLondini</span> <span class='ocrx_word' id='word_1_108' title='bbox 1152 1321 1290 1365; x_wconf 85' lang='lat'>1742.</span> <span class='ocrx_word' id='word_1_109' title='bbox 1320 1306 1394 1353; x_wconf 89' lang='lat' dir='ltr'>fol.</span> <span class='ocrx_word' id='word_1_110' title='bbox 1427 1309 1481 1352; x_wconf 86' lang='lat' dir='ltr'>In</span> 
     </span>
     <span class='ocr_line' id='line_1_17' title="bbox 215 1372 1484 1428; baseline 0.002 -10"><span class='ocrx_word' id='word_1_111' title='bbox 215 1372 299 1419; x_wconf 85' lang='lat' dir='ltr'>hac</span> <span class='ocrx_word' id='word_1_112' title='bbox 329 1375 556 1428; x_wconf 87' lang='lat' dir='ltr'>editione,</span> <span class='ocrx_word' id='word_1_113' title='bbox 610 1376 667 1420; x_wconf 86' lang='lat' dir='ltr'>de</span> <span class='ocrx_word' id='word_1_114' title='bbox 700 1377 820 1420; x_wconf 85' lang='lat' dir='ltr'>cuius</span> <span class='ocrx_word' id='word_1_115' title='bbox 851 1376 1108 1428; x_wconf 57' lang='lat' dir='ltr'>mendisget</span> <span class='ocrx_word' id='word_1_116' title='bbox 1140 1375 1382 1420; x_wconf 71' lang='lat' dir='ltr'>defefflbus</span> <span class='ocrx_word' id='word_1_117' title='bbox 1408 1377 1484 1421; x_wconf 82' lang='lat' dir='ltr'>Er·</span> 
     </span>
     <span class='ocr_line' id='line_1_18' title="bbox 218 1439 1484 1500; baseline 0.002 -15"><span class='ocrx_word' id='word_1_118' title='bbox 218 1439 330 1486; x_wconf 88' lang='lat' dir='ltr'>nesti</span> <span class='ocrx_word' id='word_1_119' title='bbox 371 1443 421 1486; x_wconf 91' lang='lat' dir='ltr'>in</span> <span class='ocrx_word' id='word_1_120' title='bbox 489 1442 668 1487; x_wconf 86' lang='lat' dir='ltr'>censura</span> <span class='ocrx_word' id='word_1_121' title='bbox 724 1444 773 1485; x_wconf 90' lang='lat' dir='ltr'>in</span> <span class='ocrx_word' id='word_1_122' title='bbox 824 1443 927 1486; x_wconf 77' lang='lat' dir='ltr'>affls</span> <span class='ocrx_word' id='word_1_123' title='bbox 972 1443 1130 1488; x_wconf 82' lang='lat' dir='ltr'>erudit.</span> <span class='ocrx_word' id='word_1_124' title='bbox 1171 1444 1288 1500; x_wconf 89' lang='lat' dir='ltr'>Lips.</span> <span class='ocrx_word' id='word_1_125' title='bbox 1338 1455 1484 1500; x_wconf 80' lang='lat'>1745.</span> 
     </span>
     <span class='ocr_line' id='line_1_19' title="bbox 217 1505 1528 1568; baseline 0.002 -17"><span class='ocrx_word' id='word_1_126' title='bbox 217 1523 321 1568; x_wconf 86' lang='lat' dir='ltr'>pag.</span> <span class='ocrx_word' id='word_1_127' title='bbox 346 1522 434 1567; x_wconf 85' lang='lat'>393</span> <span class='ocrx_word' id='word_1_128' title='bbox 463 1509 555 1566; x_wconf 88' lang='lat' dir='ltr'>sqq.</span> <span class='ocrx_word' id='word_1_129' title='bbox 579 1507 739 1553; x_wconf 83' lang='lat' dir='ltr'>Reiske</span> <span class='ocrx_word' id='word_1_130' title='bbox 763 1507 923 1567; x_wconf 86' lang='lat' dir='ltr'>aliique</span> <span class='ocrx_word' id='word_1_131' title='bbox 951 1510 1092 1555; x_wconf 88' lang='lat' dir='ltr'>critici</span> <span class='ocrx_word' id='word_1_132' title='bbox 1114 1508 1263 1566; x_wconf 84' lang='lat' dir='ltr'>passirn</span> <span class='ocrx_word' id='word_1_133' title='bbox 1286 1505 1484 1568; x_wconf 79' lang='lat' dir='ltr'>conque·</span> <span class='ocrx_word' id='word_1_134' title='bbox 1523 1509 1528 1518; x_wconf 76' lang='grc'><em>“</em></span> 
     </span>
     <span class='ocr_line' id='line_1_20' title="bbox 219 1574 1486 1633; baseline 0.002 -13"><span class='ocrx_word' id='word_1_135' title='bbox 219 1574 270 1620; x_wconf 81' lang='lat' dir='ltr'>sti</span> <span class='ocrx_word' id='word_1_136' title='bbox 294 1575 419 1627; x_wconf 89' lang='lat' dir='ltr'>sunt,</span> <span class='ocrx_word' id='word_1_137' title='bbox 454 1576 647 1633; x_wconf 88' lang='lat' dir='ltr'>primurn</span> <span class='ocrx_word' id='word_1_138' title='bbox 670 1575 967 1631; x_wconf 78' lang='lat' dir='ltr'>adspexerant</span> <span class='ocrx_word' id='word_1_139' title='bbox 989 1575 1134 1621; x_wconf 87' lang='lat' dir='ltr'>lucem</span> <span class='ocrx_word' id='word_1_140' title='bbox 1155 1576 1377 1631; x_wconf 84' lang='lat' dir='ltr'>libriduo‚</span> <span class='ocrx_word' id='word_1_141' title='bbox 1410 1592 1486 1622; x_wconf 83' lang='lat' dir='ltr'>an-</span> 
     </span>
     <span class='ocr_line' id='line_1_21' title="bbox 180 1640 1485 1702; baseline 0.002 -15"><span class='ocrx_word' id='word_1_142' title='bbox 180 1653 183 1655; x_wconf 73' lang='grc'><strong>’</strong></span> <span class='ocrx_word' id='word_1_143' title='bbox 218 1650 293 1690; x_wconf 85' lang='lat' dir='ltr'>tea</span> <span class='ocrx_word' id='word_1_144' title='bbox 320 1642 565 1702; x_wconf 86' lang='lat' dir='ltr'>incogniti,</span> <span class='ocrx_word' id='word_1_145' title='bbox 600 1642 657 1685; x_wconf 93' lang='lat' dir='ltr'>de</span> <span class='ocrx_word' id='word_1_146' title='bbox 679 1640 940 1700; x_wconf 85' lang='lat' dir='ltr'>posteritate</span> <span class='ocrx_word' id='word_1_147' title='bbox 963 1644 1117 1693; x_wconf 77' lang='lat' dir='ltr'>Caini3</span> <span class='ocrx_word' id='word_1_148' title='bbox 1157 1643 1270 1687; x_wconf 85' lang='lat' dir='ltr'>liber</span> <span class='ocrx_word' id='word_1_149' title='bbox 1302 1653 1485 1701; x_wconf 87' lang='lat' dir='ltr'>quartus</span> 
     </span>
     <span class='ocr_line' id='line_1_22' title="bbox 217 1709 1484 1767; baseline 0.003 -15"><span class='ocrx_word' id='word_1_150' title='bbox 217 1709 273 1753; x_wconf 88' lang='lat' dir='ltr'>ad</span> <span class='ocrx_word' id='word_1_151' title='bbox 298 1717 588 1767; x_wconf 86' lang='lat' dir='ltr'>praeceptum</span> <span class='ocrx_word' id='word_1_152' title='bbox 612 1714 653 1762; x_wconf 88' lang='lat'>8.</span> <span class='ocrx_word' id='word_1_153' title='bbox 682 1723 729 1767; x_wconf 91' lang='lat'>9.</span> <span class='ocrx_word' id='word_1_154' title='bbox 761 1720 832 1754; x_wconf 86' lang='lat'>10.</span> <span class='ocrx_word' id='word_1_155' title='bbox 854 1716 901 1754; x_wconf 88' lang='lat' dir='ltr'>et</span> <span class='ocrx_word' id='word_1_156' title='bbox 920 1709 975 1753; x_wconf 92' lang='lat' dir='ltr'>de</span> <span class='ocrx_word' id='word_1_157' title='bbox 1002 1709 1159 1755; x_wconf 86' lang='lat' dir='ltr'>iustitia</span> <span class='ocrx_word' id='word_1_158' title='bbox 1182 1725 1284 1755; x_wconf 90' lang='lat' dir='ltr'>cum</span> <span class='ocrx_word' id='word_1_159' title='bbox 1319 1710 1484 1756; x_wconf 81' lang='lat' dir='ltr'>versio-</span> 
     </span>
     <span class='ocr_line' id='line_1_23' title="bbox 217 1776 1486 1839; baseline 0.001 -17"><span class='ocrx_word' id='word_1_160' title='bbox 217 1791 280 1823; x_wconf 84' lang='lat' dir='ltr'>ne</span> <span class='ocrx_word' id='word_1_161' title='bbox 303 1777 499 1837; x_wconf 85' lang='lat' dir='ltr'>episcopi</span> <span class='ocrx_word' id='word_1_162' title='bbox 519 1776 780 1831; x_wconf 82' lang='lat' dir='ltr'>Benzelii;*)</span> <span class='ocrx_word' id='word_1_163' title='bbox 815 1780 1063 1839; x_wconf 83' lang='lat' dir='ltr'>fragmenta</span> <span class='ocrx_word' id='word_1_164' title='bbox 1097 1776 1318 1824; x_wconf 80' lang='lat' dir='ltr'>librorum</span> <span class='ocrx_word' id='word_1_165' title='bbox 1355 1795 1486 1837; x_wconf 87' lang='lat' dir='ltr'>quae-</span> 
     </span>
     <span class='ocr_line' id='line_1_24' title="bbox 785 1845 1484 1906; baseline 0.004 -15"><span class='ocrx_word' id='word_1_166' title='bbox 785 1847 816 1891; x_wconf 84' lang='lat' dir='ltr'>B</span> <span class='ocrx_word' id='word_1_167' title='bbox 853 1859 877 1906; x_wconf 83' lang='lat'><em>5</em></span> <span class='ocrx_word' id='word_1_168' title='bbox 1289 1845 1484 1894; x_wconf 85' lang='lat' dir='ltr'>stionum</span> 
     </span>
    </p>
   </div>
   <div class='ocr_carea' id='block_1_3' title="bbox 273 1973 1495 2643">
    <p class='ocr_par' dir='ltr' id='par_1_4' title="bbox 273 1973 1495 2643">
     <span class='ocr_line' id='line_1_25' title="bbox 273 1973 1486 2031; baseline 0.006 -16"><span class='ocrx_word' id='word_1_169' title='bbox 273 1977 315 2029; x_wconf 75' lang='lat'>⁸¹)</span> <span class='ocrx_word' id='word_1_170' title='bbox 343 1973 559 2022; x_wconf 74' lang='lat' dir='ltr'>Benzelius,</span> <span class='ocrx_word' id='word_1_171' title='bbox 620 1979 940 2030; x_wconf 78' lang='lat' dir='ltr'>Archiepiscopus</span> <span class='ocrx_word' id='word_1_172' title='bbox 978 1982 1175 2031; x_wconf 83' lang='lat' dir='ltr'>quondam</span> <span class='ocrx_word' id='word_1_173' title='bbox 1210 1982 1378 2021; x_wconf 75' lang='lat' dir='ltr'>suecicus</span> <span class='ocrx_word' id='word_1_174' title='bbox 1416 1983 1486 2022; x_wconf 82' lang='lat' dir='ltr'>diu</span> 
     </span>
     <span class='ocr_line' id='line_1_26' title="bbox 332 2035 1487 2087; baseline 0.006 -14"><span class='ocrx_word' id='word_1_175' title='bbox 332 2039 571 2084; x_wconf 75' lang='lat' dir='ltr'>multumque</span> <span class='ocrx_word' id='word_1_176' title='bbox 582 2035 622 2074; x_wconf 88' lang='lat' dir='ltr'>in</span> <span class='ocrx_word' id='word_1_177' title='bbox 638 2040 806 2085; x_wconf 87' lang='lat' dir='ltr'>paranda</span> <span class='ocrx_word' id='word_1_178' title='bbox 819 2040 1069 2087; x_wconf 84' lang='lat' dir='ltr'>ornandaque</span> <span class='ocrx_word' id='word_1_179' title='bbox 1090 2052 1194 2077; x_wconf 85' lang='lat' dir='ltr'>noua</span> <span class='ocrx_word' id='word_1_180' title='bbox 1214 2038 1386 2078; x_wconf 83' lang='lat' dir='ltr'>Philonis</span> <span class='ocrx_word' id='word_1_181' title='bbox 1405 2041 1487 2079; x_wconf 73' lang='lat' dir='ltr'>edi-</span> 
     </span>
     <span class='ocr_line' id='line_1_27' title="bbox 329 2091 1495 2145; baseline 0.005 -17"><span class='ocrx_word' id='word_1_182' title='bbox 329 2091 440 2128; x_wconf 84' lang='lat' dir='ltr'>tione</span> <span class='ocrx_word' id='word_1_183' title='bbox 459 2093 643 2134; x_wconf 82' lang='lat' dir='ltr'>versatus,</span> <span class='ocrx_word' id='word_1_184' title='bbox 679 2094 726 2130; x_wconf 92' lang='lat' dir='ltr'>ad</span> <span class='ocrx_word' id='word_1_185' title='bbox 758 2095 979 2144; x_wconf 82' lang='lat' dir='ltr'>Mangeium</span> <span class='ocrx_word' id='word_1_186' title='bbox 1001 2094 1215 2133; x_wconf 78' lang='lat' dir='ltr'>versionem</span> <span class='ocrx_word' id='word_1_187' title='bbox 1245 2097 1348 2134; x_wconf 86' lang='lat' dir='ltr'>suam</span> <span class='ocrx_word' id='word_1_188' title='bbox 1370 2104 1495 2145; x_wconf 25' lang='lat' dir='ltr'>atque*</span> 
     </span>
     <span class='ocr_line' id='line_1_28' title="bbox 329 2147 1487 2202; baseline 0.004 -17"><span class='ocrx_word' id='word_1_189' title='bbox 329 2147 676 2185; x_wconf 76' lang='lat' dir='ltr'>animaduersiones</span> <span class='ocrx_word' id='word_1_190' title='bbox 696 2149 866 2188; x_wconf 82' lang='lat' dir='ltr'>miserat:</span> <span class='ocrx_word' id='word_1_191' title='bbox 916 2152 1115 2202; x_wconf 65' lang='lat' dir='ltr'>Mangeius</span> <span class='ocrx_word' id='word_1_192' title='bbox 1138 2161 1262 2189; x_wconf 86' lang='lat' dir='ltr'>autem</span> <span class='ocrx_word' id='word_1_193' title='bbox 1302 2154 1405 2190; x_wconf 85' lang='lat' dir='ltr'>haud</span> <span class='ocrx_word' id='word_1_194' title='bbox 1441 2165 1487 2190; x_wconf 88' lang='lat' dir='ltr'>o-</span> 
     </span>
     <span class='ocr_line' id='line_1_29' title="bbox 331 2204 1488 2256; baseline 0.006 -17"><span class='ocrx_word' id='word_1_195' title='bbox 331 2204 465 2240; x_wconf 88' lang='lat' dir='ltr'>mnino</span> <span class='ocrx_word' id='word_1_196' title='bbox 481 2205 613 2242; x_wconf 63' lang='lat' dir='ltr'>cuneta</span> <span class='ocrx_word' id='word_1_197' title='bbox 629 2205 804 2244; x_wconf 85' lang='lat' dir='ltr'>reddidit.</span> <span class='ocrx_word' id='word_1_198' title='bbox 821 2206 924 2245; x_wconf 84' lang='lat' dir='ltr'>conf.</span> <span class='ocrx_word' id='word_1_199' title='bbox 936 2205 1175 2246; x_wconf 71' lang='lat' dir='ltr'>Thesaurum</span> <span class='ocrx_word' id='word_1_200' title='bbox 1184 2208 1369 2256; x_wconf 85' lang='lat' dir='ltr'>epistolic·</span> <span class='ocrx_word' id='word_1_201' title='bbox 1389 2210 1488 2246; x_wconf 84' lang='lat' dir='ltr'>Cro-</span> 
     </span>
     <span class='ocr_line' id='line_1_30' title="bbox 329 2260 1488 2315; baseline 0.004 -17"><span class='ocrx_word' id='word_1_202' title='bbox 329 2260 482 2298; x_wconf 80' lang='lat' dir='ltr'>zianum</span> <span class='ocrx_word' id='word_1_203' title='bbox 508 2267 601 2296; x_wconf 81' lang='lat' dir='ltr'>tom·</span> <span class='ocrx_word' id='word_1_204' title='bbox 626 2263 674 2299; x_wconf 89' lang='lat'>11.</span> <span class='ocrx_word' id='word_1_205' title='bbox 695 2274 781 2312; x_wconf 77' lang='lat' dir='ltr'>pag.</span> <span class='ocrx_word' id='word_1_206' title='bbox 809 2271 903 2307; x_wconf 87' lang='lat'><strong>203.</strong></span> <span class='ocrx_word' id='word_1_207' title='bbox 927 2275 1013 2313; x_wconf 84' lang='lat' dir='ltr'>pag.</span> <span class='ocrx_word' id='word_1_208' title='bbox 1038 2265 1130 2304; x_wconf 83' lang='lat'>226.</span> <span class='ocrx_word' id='word_1_209' title='bbox 1165 2272 1259 2307; x_wconf 80' lang='lat'><strong>227·</strong></span> <span class='ocrx_word' id='word_1_210' title='bbox 1296 2277 1381 2315; x_wconf 79' lang='lat' dir='ltr'>pag.</span> <span class='ocrx_word' id='word_1_211' title='bbox 1417 2277 1488 2302; x_wconf 89' lang='lat' dir='ltr'>au·</span> 
     </span>
     <span class='ocr_line' id='line_1_31' title="bbox 334 2314 1490 2360; baseline 0.005 -8"><span class='ocrx_word' id='word_1_212' title='bbox 334 2322 412 2352; x_wconf 79' lang='lat' dir='ltr'>tem</span> <span class='ocrx_word' id='word_1_213' title='bbox 433 2323 511 2359; x_wconf 83' lang='lat'>231</span> <span class='ocrx_word' id='word_1_214' title='bbox 535 2314 685 2354; x_wconf 84' lang='lat' dir='ltr'>Benzel.</span> <span class='ocrx_word' id='word_1_215' title='bbox 717 2318 755 2354; x_wconf 90' lang='lat' dir='ltr'>in</span> <span class='ocrx_word' id='word_1_216' title='bbox 780 2319 915 2357; x_wconf 72' lang='lat' dir='ltr'>litteris</span> <span class='ocrx_word' id='word_1_217' title='bbox 939 2322 984 2356; x_wconf 82' lang='lat' dir='ltr'>ad</span> <span class='ocrx_word' id='word_1_218' title='bbox 1005 2323 1034 2358; x_wconf 77' lang='grc' dir='ltr'>Ι.</span> <span class='ocrx_word' id='word_1_219' title='bbox 1059 2323 1147 2358; x_wconf 87' lang='lat' dir='ltr'>Chr.</span> <span class='ocrx_word' id='word_1_220' title='bbox 1170 2319 1358 2360; x_wconf 83' lang='lat' dir='ltr'>Woffium</span> <span class='ocrx_word' id='word_1_221' title='bbox 1376 2321 1490 2359; x_wconf 83' lang='lat' dir='ltr'>testa-</span> 
     </span>
     <span class='ocr_line' id='line_1_32' title="bbox 330 2372 1487 2425; baseline 0.004 -17"><span class='ocrx_word' id='word_1_222' title='bbox 330 2379 417 2417; x_wconf 83' lang='lat' dir='ltr'>tur,</span> <span class='ocrx_word' id='word_1_223' title='bbox 447 2372 546 2409; x_wconf 84' lang='lat' dir='ltr'>sein</span> <span class='ocrx_word' id='word_1_224' title='bbox 575 2375 892 2423; x_wconf 42' lang='lat' dir='ltr'>recognoscendis</span> <span class='ocrx_word' id='word_1_225' title='bbox 924 2373 1094 2424; x_wconf 75' lang='lat' dir='ltr'>Philopis</span> <span class='ocrx_word' id='word_1_226' title='bbox 1133 2376 1312 2425; x_wconf 84' lang='lat' dir='ltr'>operibus</span> <span class='ocrx_word' id='word_1_227' title='bbox 1346 2376 1487 2425; x_wconf 79' lang='lat' dir='ltr'>quibus</span> 
     </span>
     <span class='ocr_line' id='line_1_33' title="bbox 331 2428 1490 2478; baseline 0.003 -11"><span class='ocrx_word' id='word_1_228' title='bbox 331 2428 533 2478; x_wconf 83' lang='lat' dir='ltr'>Mangeius</span> <span class='ocrx_word' id='word_1_229' title='bbox 553 2440 635 2467; x_wconf 91' lang='lat' dir='ltr'>non</span> <span class='ocrx_word' id='word_1_230' title='bbox 664 2431 823 2469; x_wconf 86' lang='lat' dir='ltr'>omnino</span> <span class='ocrx_word' id='word_1_231' title='bbox 844 2430 1015 2470; x_wconf 82' lang='lat' dir='ltr'>sufficere</span> <span class='ocrx_word' id='word_1_232' title='bbox 1037 2433 1225 2471; x_wconf 75' lang='lat' dir='ltr'>videatur.</span> <span class='ocrx_word' id='word_1_233' title='bbox 1256 2435 1380 2471; x_wconf 83' lang='lat' dir='ltr'>adhuc</span> <span class='ocrx_word' id='word_1_234' title='bbox 1402 2445 1490 2471; x_wconf 87' lang='lat' dir='ltr'>ver-</span> 
     </span>
     <span class='ocr_line' id='line_1_34' title="bbox 333 2481 1492 2538; baseline 0.003 -16"><span class='ocrx_word' id='word_1_235' title='bbox 333 2484 418 2521; x_wconf 84' lang='lat' dir='ltr'>sari·</span> <span class='ocrx_word' id='word_1_236' title='bbox 463 2492 501 2522; x_wconf 83' lang='lat' dir='ltr'>et</span> <span class='ocrx_word' id='word_1_237' title='bbox 519 2481 550 2520; x_wconf 85' lang='lat' dir='ltr'>I·</span> <span class='ocrx_word' id='word_1_238' title='bbox 576 2482 628 2523; x_wconf 91' lang='lat' dir='ltr'>H.</span> <span class='ocrx_word' id='word_1_239' title='bbox 665 2482 780 2523; x_wconf 83' lang='lat' dir='ltr'>Liden</span> <span class='ocrx_word' id='word_1_240' title='bbox 814 2488 1091 2528; x_wconf 75' lang='lat' dir='ltr'>Commercium</span> <span class='ocrx_word' id='word_1_241' title='bbox 1122 2489 1357 2538; x_wconf 78' lang='lat' dir='ltr'>epistolicum</span> <span class='ocrx_word' id='word_1_242' title='bbox 1390 2489 1492 2527; x_wconf 83' lang='lat' dir='ltr'>inter</span> 
     </span>
     <span class='ocr_line' id='line_1_35' title="bbox 312 2541 1489 2599; baseline 0.003 -18"><span class='ocrx_word' id='word_1_243' title='bbox 312 2541 489 2582; x_wconf 67' lang='lat' dir='ltr'>‘BenzeL</span> <span class='ocrx_word' id='word_1_244' title='bbox 509 2541 842 2597; x_wconf 77' lang='lat' dir='ltr'>archepiscopum,</span> <span class='ocrx_word' id='word_1_245' title='bbox 884 2546 1075 2599; x_wconf 81' lang='lat' dir='ltr'>huiusque</span> <span class='ocrx_word' id='word_1_246' title='bbox 1110 2545 1292 2596; x_wconf 72' lang='lat' dir='ltr'>fratrem,</span> <span class='ocrx_word' id='word_1_247' title='bbox 1332 2546 1489 2588; x_wconf 86' lang='lat' dir='ltr'>Gustau.</span> 
     </span>
     <span class='ocr_line' id='line_1_36' title="bbox 1383 2605 1486 2643; baseline 0.019 -4"><span class='ocrx_word' id='word_1_248' title='bbox 1383 2605 1486 2643; x_wconf 75' lang='lat' dir='ltr'>Ben-</span> 
     </span>
    </p>
   </div>
  </div>
 </body>
</html>
