<?xml version="1.0" encoding="UTF-8"?>
<!DOCTYPE html PUBLIC "-//W3C//DTD XHTML 1.0 Transitional//EN"
    "http://www.w3.org/TR/xhtml1/DTD/xhtml1-transitional.dtd">
<html xmlns="http://www.w3.org/1999/xhtml" xml:lang="en" lang="en">
 <head>
  <title>
</title>
<meta http-equiv="Content-Type" content="text/html;charset=utf-8" />
  <meta name='ocr-system' content='tesseract 3.04.00' />
  <meta name='ocr-capabilities' content='ocr_page ocr_carea ocr_par ocr_line ocrx_word'/>
</head>
<body>
  <div class='ocr_page' id='page_1' title='image "./p1theophilichristo02harluoft_0564.png"; bbox 0 0 1686 3025; ppageno 0'>
   <div class='ocr_carea' id='block_1_1' title="bbox 351 216 1291 301">
    <p class='ocr_par' dir='ltr' id='par_1_1' title="bbox 351 216 1291 301">
     <span class='ocr_line' id='line_1_1' title="bbox 351 216 1291 301; baseline 0 -17"><span class='ocrx_word' id='word_1_1' title='bbox 351 249 444 301; x_wconf 80' lang='lat'><em>552</em></span> <span class='ocrx_word' id='word_1_2' title='bbox 647 216 902 295; x_wconf 77' lang='lat' dir='ltr'><em>MICHAEL</em></span> <span class='ocrx_word' id='word_1_3' title='bbox 935 236 1291 284; x_wconf 79' lang='lat' dir='ltr'><em>APOSTOLIVS.</em></span> 
     </span>
    </p>
   </div>
   <div class='ocr_carea' id='block_1_2' title="bbox 310 360 1667 2312">
    <p class='ocr_par' dir='ltr' id='par_1_2' title="bbox 310 360 1667 2244">
     <span class='ocr_line' id='line_1_2' title="bbox 344 360 1596 424; baseline 0.002 -17"><span class='ocrx_word' id='word_1_4' title='bbox 344 362 600 424; x_wconf 67' lang='lat' dir='ltr'><strong>Byzantium</strong></span> <span class='ocrx_word' id='word_1_5' title='bbox 636 378 736 408; x_wconf 86' lang='lat' dir='ltr'><em>cum</em></span> <span class='ocrx_word' id='word_1_6' title='bbox 753 364 807 408; x_wconf 87' lang='lat' dir='ltr'><em>V.</em></span> <span class='ocrx_word' id='word_1_7' title='bbox 826 364 878 408; x_wconf 87' lang='lat' dir='ltr'><em>L.·</em></span> <span class='ocrx_word' id='word_1_8' title='bbox 895 360 1015 405; x_wconf 82' lang='lat' dir='ltr'><em>Petri</em></span> <span class='ocrx_word' id='word_1_9' title='bbox 1028 360 1211 404; x_wconf 86' lang='lat' dir='ltr'><em>Pantini</em></span> <span class='ocrx_word' id='word_1_10' title='bbox 1222 396 1234 415; x_wconf 86' lang='lat'>‚</span> <span class='ocrx_word' id='word_1_11' title='bbox 1268 360 1479 416; x_wconf 81' lang='lat' dir='ltr'><em>Tiletani,</em></span> <span class='ocrx_word' id='word_1_12' title='bbox 1497 361 1596 410; x_wconf 80' lang='lat' dir='ltr'><em>ver·</em></span> 
     </span>
     <span class='ocr_line' id='line_1_3' title="bbox 347 428 1647 490; baseline 0 -15"><span class='ocrx_word' id='word_1_13' title='bbox 347 429 470 476; x_wconf 88' lang='lat' dir='ltr'><em>fione</em></span> <span class='ocrx_word' id='word_1_14' title='bbox 501 440 548 476; x_wconf 79' lang='lat' dir='ltr'><em>et</em></span> <span class='ocrx_word' id='word_1_15' title='bbox 583 432 703 476; x_wconf 88' lang='lat' dir='ltr'><em>notis</em></span> <span class='ocrx_word' id='word_1_16' title='bbox 739 428 865 487; x_wconf 78' lang='lat' dir='ltr'><em>ipsius</em></span> <span class='ocrx_word' id='word_1_17' title='bbox 909 445 958 474; x_wconf 86' lang='lat' dir='ltr'><em>ac</em></span> <span class='ocrx_word' id='word_1_18' title='bbox 996 428 1182 474; x_wconf 82' lang='lat' dir='ltr'><em>aliorum</em></span> <span class='ocrx_word' id='word_1_19' title='bbox 1203 430 1464 483; x_wconf 59' lang='lat' dir='ltr'><strong>dodim-um,</strong></span> <span class='ocrx_word' id='word_1_20' title='bbox 1498 433 1594 490; x_wconf 84' lang='lat' dir='ltr'><em>qui·</em></span> <span class='ocrx_word' id='word_1_21' title='bbox 1642 458 1647 469; x_wconf 54' lang='grc' dir='ltr'><strong><em>ι</em></strong></span> 
     </span>
     <span class='ocr_line' id='line_1_4' title="bbox 347 495 1593 559; baseline 0 -16"><span class='ocrx_word' id='word_1_22' title='bbox 347 501 428 543; x_wconf 87' lang='lat' dir='ltr'><em>bus</em></span> <span class='ocrx_word' id='word_1_23' title='bbox 460 499 611 559; x_wconf 80' lang='lat' dir='ltr'><em>adagia</em></span> <span class='ocrx_word' id='word_1_24' title='bbox 643 496 908 542; x_wconf 69' lang='lat' dir='ltr'><em>illustrantur</em></span> <span class='ocrx_word' id='word_1_25' title='bbox 938 508 996 546; x_wconf 82' lang='lat' dir='ltr'><em>et</em></span> <span class='ocrx_word' id='word_1_26' title='bbox 1009 498 1091 543; x_wconf 79' lang='lat' dir='ltr'><em>suis</em></span> <span class='ocrx_word' id='word_1_27' title='bbox 1111 497 1360 542; x_wconf 59' lang='lat' dir='ltr'><em>auetoribus</em></span> <span class='ocrx_word' id='word_1_28' title='bbox 1380 495 1593 559; x_wconf 80' lang='lat' dir='ltr'>affignan-</span> 
     </span>
     <span class='ocr_line' id='line_1_5' title="bbox 345 564 1594 622; baseline -0.002 -11"><span class='ocrx_word' id='word_1_29' title='bbox 345 576 434 618; x_wconf 83' lang='lat' dir='ltr'><em>tur</em></span> <span class='ocrx_word' id='word_1_30' title='bbox 503 564 620 610; x_wconf 87' lang='lat' dir='ltr'>C-um</span> <span class='ocrx_word' id='word_1_31' title='bbox 657 567 871 609; x_wconf 80' lang='lat' dir='ltr'><em>indicibus</em></span> <span class='ocrx_word' id='word_1_32' title='bbox 904 564 1219 622; x_wconf 75' lang='lat' dir='ltr'><strong>locupletibus,</strong></span> <span class='ocrx_word' id='word_1_33' title='bbox 1288 566 1412 611; x_wconf 88' lang='lat' dir='ltr'><strong>Idem</strong></span> <span class='ocrx_word' id='word_1_34' title='bbox 1445 566 1594 610; x_wconf 71' lang='lat' dir='ltr'><em>Patri-</em></span> 
     </span>
     <span class='ocr_line' id='line_1_6' title="bbox 344 630 1592 695; baseline 0.003 -19"><span class='ocrx_word' id='word_1_35' title='bbox 344 630 502 685; x_wconf 79' lang='lat' dir='ltr'><em>archae</em></span> <span class='ocrx_word' id='word_1_36' title='bbox 534 633 736 694; x_wconf 78' lang='lat' dir='ltr'><em>Gregorii</em></span> <span class='ocrx_word' id='word_1_37' title='bbox 773 633 924 695; x_wconf 79' lang='lat' dir='ltr'><em>Cyprii</em></span> <span class='ocrx_word' id='word_1_38' title='bbox 942 632 987 691; x_wconf 83' lang='lat'><em>*)</em></span> <span class='ocrx_word' id='word_1_39' title='bbox 1010 634 1265 690; x_wconf 84' lang='lat' dir='ltr'><em>prouerbia.</em></span> <span class='ocrx_word' id='word_1_40' title='bbox 1333 633 1592 694; x_wconf 55' lang='lat' dir='ltr'><strong>Lugdrssat.</strong></span> 
     </span>
     <span class='ocr_line' id='line_1_7' title="bbox 343 699 1591 759; baseline 0 -14"><span class='ocrx_word' id='word_1_41' title='bbox 343 702 460 759; x_wconf 74' lang='lat' dir='ltr'><strong>apud</strong></span> <span class='ocrx_word' id='word_1_42' title='bbox 497 705 558 745; x_wconf 91' lang='lat' dir='ltr'><em>Io</em></span> <span class='ocrx_word' id='word_1_43' title='bbox 596 711 644 747; x_wconf 83' lang='lat' dir='ltr'><em>et</em></span> <span class='ocrx_word' id='word_1_44' title='bbox 665 703 775 745; x_wconf 85' lang='lat' dir='ltr'><strong>Dan.</strong></span> <span class='ocrx_word' id='word_1_45' title='bbox 803 699 965 745; x_wconf 83' lang='lat' dir='ltr'><em>Elseuir</em></span> <span class='ocrx_word' id='word_1_46' title='bbox 999 700 1134 758; x_wconf 80' lang='lat'><strong>1654.</strong></span> <span class='ocrx_word' id='word_1_47' title='bbox 1155 715 1204 759; x_wconf 93' lang='lat'>4</span> <span class='ocrx_word' id='word_1_48' title='bbox 1240 725 1290 736; x_wconf 90' lang='lat'>—</span> <span class='ocrx_word' id='word_1_49' title='bbox 1299 701 1399 748; x_wconf 88' lang='lat' dir='ltr'><em>sed</em></span> <span class='ocrx_word' id='word_1_50' title='bbox 1420 702 1591 752; x_wconf 76' lang='lat' dir='ltr'>vnjcam</span> 
     </span>
     <span class='ocr_line' id='line_1_8' title="bbox 342 763 1591 828; baseline -0.003 -14"><span class='ocrx_word' id='word_1_51' title='bbox 342 776 517 814; x_wconf 85' lang='lat' dir='ltr'><strong>tantum</strong></span> <span class='ocrx_word' id='word_1_52' title='bbox 553 771 662 814; x_wconf 83' lang='lat' dir='ltr'><em>edit.</em></span> <span class='ocrx_word' id='word_1_53' title='bbox 690 767 894 828; x_wconf 87' lang='lat' dir='ltr'><strong>Lugdun.</strong></span> <span class='ocrx_word' id='word_1_54' title='bbox 920 771 1010 816; x_wconf 75' lang='lat' dir='ltr'><em>Bac.</em></span> <span class='ocrx_word' id='word_1_55' title='bbox 1052 769 1191 827; x_wconf 86' lang='lat'><strong>1619.</strong></span> <span class='ocrx_word' id='word_1_56' title='bbox 1215 783 1261 826; x_wconf 89' lang='lat'><em>4.</em></span> <span class='ocrx_word' id='word_1_57' title='bbox 1285 770 1416 814; x_wconf 84' lang='lat' dir='ltr'><em>nouit</em></span> <span class='ocrx_word' id='word_1_58' title='bbox 1436 763 1591 824; x_wconf 70' lang='lat' dir='ltr'><em>Eabri-</em></span> 
     </span>
     <span class='ocr_line' id='line_1_9' title="bbox 341 833 1590 896; baseline 0 -16"><span class='ocrx_word' id='word_1_59' title='bbox 341 839 431 879; x_wconf 82' lang='lat' dir='ltr'><em>cius</em></span> <span class='ocrx_word' id='word_1_60' title='bbox 462 839 509 881; x_wconf 87' lang='lat' dir='ltr'><em>in</em></span> <span class='ocrx_word' id='word_1_61' title='bbox 546 839 588 884; x_wconf 87' lang='grc' dir='ltr'><em>Β.</em></span> <span class='ocrx_word' id='word_1_62' title='bbox 626 838 704 882; x_wconf 82' lang='lat' dir='ltr'><em>Gr.</em></span> <span class='ocrx_word' id='word_1_63' title='bbox 732 836 831 881; x_wconf 80' lang='lat' dir='ltr'><em>libr.</em></span> <span class='ocrx_word' id='word_1_64' title='bbox 854 839 912 880; x_wconf 87' lang='lat' dir='ltr'><em>IV</em></span> <span class='ocrx_word' id='word_1_65' title='bbox 949 835 1036 881; x_wconf 84' lang='lat' dir='ltr'>vol·</span> <span class='ocrx_word' id='word_1_66' title='bbox 1058 837 1132 880; x_wconf 78' lang='lat' dir='ltr'><em>IV.</em></span> <span class='ocrx_word' id='word_1_67' title='bbox 1153 833 1254 896; x_wconf 84' lang='lat' dir='ltr'><strong>pag.</strong></span> <span class='ocrx_word' id='word_1_68' title='bbox 1284 843 1394 893; x_wconf 84' lang='lat'><em>285.</em></span> <span class='ocrx_word' id='word_1_69' title='bbox 1419 836 1490 882; x_wconf 82' lang='lat' dir='ltr'><em>ed.</em></span> <span class='ocrx_word' id='word_1_70' title='bbox 1513 851 1590 880; x_wconf 88' lang='lat' dir='ltr'><em>ve-</em></span> 
     </span>
     <span class='ocr_line' id='line_1_10' title="bbox 340 902 1590 954; baseline -0.001 -6"><span class='ocrx_word' id='word_1_71' title='bbox 340 913 427 954; x_wconf 80' lang='lat' dir='ltr'><em>ter.</em></span> <span class='ocrx_word' id='word_1_72' title='bbox 516 907 568 949; x_wconf 89' lang='lat' dir='ltr'><em>In</em></span> <span class='ocrx_word' id='word_1_73' title='bbox 604 903 871 950; x_wconf 82' lang='lat' dir='ltr'>bibliotheca</span> <span class='ocrx_word' id='word_1_74' title='bbox 902 902 1443 950; x_wconf 63' lang='lat' dir='ltr'><em>tamen-Wernsdorfiana</em></span> <span class='ocrx_word' id='word_1_75' title='bbox 1472 903 1590 949; x_wconf 81' lang='lat' dir='ltr'>Dan-</span> 
     </span>
     <span class='ocr_line' id='line_1_11' title="bbox 336 971 1590 1032; baseline 0.001 -16"><span class='ocrx_word' id='word_1_76' title='bbox 336 971 430 1016; x_wconf 85' lang='lat' dir='ltr'><strong>tisc.</strong></span> <span class='ocrx_word' id='word_1_77' title='bbox 453 973 618 1017; x_wconf 78' lang='lat' dir='ltr'><em>exstitit</em></span> <span class='ocrx_word' id='word_1_78' title='bbox 637 973 744 1016; x_wconf 85' lang='lat' dir='ltr'><em>edit.</em></span> <span class='ocrx_word' id='word_1_79' title='bbox 768 973 909 1032; x_wconf 88' lang='lat' dir='ltr'><strong>Lugd.</strong></span> <span class='ocrx_word' id='word_1_80' title='bbox 931 973 1590 1029; x_wconf 34' lang='lat' dir='ltr'><em>1634.4.atquemeumexem÷</em></span> 
     </span>
     <span class='ocr_line' id='line_1_12' title="bbox 332 1038 1587 1098; baseline -0.001 -15"><span class='ocrx_word' id='word_1_81' title='bbox 332 1038 430 1097; x_wconf 72' lang='lat' dir='ltr'><em>plat</em></span> <span class='ocrx_word' id='word_1_82' title='bbox 469 1039 631 1098; x_wconf 83' lang='lat' dir='ltr'>duplex</span> <span class='ocrx_word' id='word_1_83' title='bbox 664 1040 963 1096; x_wconf 83' lang='lat' dir='ltr'>inscriptionis</span> <span class='ocrx_word' id='word_1_84' title='bbox 996 1040 1128 1083; x_wconf 84' lang='lat' dir='ltr'>habet</span> <span class='ocrx_word' id='word_1_85' title='bbox 1150 1038 1331 1084; x_wconf 81' lang='lat' dir='ltr'>folium:</span> <span class='ocrx_word' id='word_1_86' title='bbox 1367 1040 1414 1082; x_wconf 88' lang='lat' dir='ltr'><em>in</em></span> <span class='ocrx_word' id='word_1_87' title='bbox 1435 1040 1587 1095; x_wconf 79' lang='lat' dir='ltr'><em>priore</em></span> 
     </span>
     <span class='ocr_line' id='line_1_13' title="bbox 338 1105 1582 1163; baseline -0.004 -10"><span class='ocrx_word' id='word_1_88' title='bbox 338 1108 572 1153; x_wconf 76' lang='lat' dir='ltr'>exhibetur</span> <span class='ocrx_word' id='word_1_89' title='bbox 626 1109 804 1149; x_wconf 74' lang='lat' dir='ltr'><em>vberior</em></span> <span class='ocrx_word' id='word_1_90' title='bbox 850 1105 949 1162; x_wconf 83' lang='lat' dir='ltr'><em>ille,</em></span> <span class='ocrx_word' id='word_1_91' title='bbox 1008 1121 1140 1163; x_wconf 86' lang='lat' dir='ltr'>quern</span> <span class='ocrx_word' id='word_1_92' title='bbox 1181 1106 1336 1149; x_wconf 68' lang='lat' dir='ltr'><strong>modo·</strong></span> <span class='ocrx_word' id='word_1_93' title='bbox 1374 1107 1582 1162; x_wconf 85' lang='lat' dir='ltr'><em>indicaui,</em></span> 
     </span>
     <span class='ocr_line' id='line_1_14' title="bbox 333 1170 1584 1231; baseline 0.001 -14"><span class='ocrx_word' id='word_1_94' title='bbox 333 1172 516 1226; x_wconf 79' lang='lat' dir='ltr'><em>titulus,</em></span> <span class='ocrx_word' id='word_1_95' title='bbox 576 1174 622 1216; x_wconf 90' lang='lat' dir='ltr'><em>in</em></span> <span class='ocrx_word' id='word_1_96' title='bbox 652 1171 896 1229; x_wconf 78' lang='lat' dir='ltr'><em>posteriore</em></span> <span class='ocrx_word' id='word_1_97' title='bbox 930 1170 1017 1215; x_wconf 78' lang='lat' dir='ltr'><em>siue</em></span> <span class='ocrx_word' id='word_1_98' title='bbox 1056 1174 1276 1216; x_wconf 77' lang='lat' dir='ltr'><em>interiore</em></span> <span class='ocrx_word' id='word_1_99' title='bbox 1312 1173 1372 1217; x_wconf 85' lang='lat' dir='ltr'><em>ita</em></span> <span class='ocrx_word' id='word_1_100' title='bbox 1401 1171 1584 1231; x_wconf 85' lang='lat' dir='ltr'><em>legitur.</em></span> 
     </span>
     <span class='ocr_line' id='line_1_15' title="bbox 332 1235 1584 1300; baseline 0.001 -20"><span class='ocrx_word' id='word_1_101' title='bbox 332 1244 563 1299; x_wconf 50' lang='grc' dir='ltr'><em>Μιχαηλε</em></span> <span class='ocrx_word' id='word_1_102' title='bbox 594 1264 659 1271; x_wconf 94' lang='lat'><em>-—</em></span> <span class='ocrx_word' id='word_1_103' title='bbox 695 1235 923 1284; x_wconf 69' lang='lat' dir='ltr'><em>Michaelis</em></span> <span class='ocrx_word' id='word_1_104' title='bbox 954 1237 1151 1300; x_wconf 80' lang='lat' dir='ltr'><em>Apostolii</em></span> <span class='ocrx_word' id='word_1_105' title='bbox 1167 1241 1438 1300; x_wconf 83' lang='lat' dir='ltr'><em>paroemiae:</em></span> <span class='ocrx_word' id='word_1_106' title='bbox 1472 1252 1584 1282; x_wconf 82' lang='lat' dir='ltr'><em>nunc</em></span> 
     </span>
     <span class='ocr_line' id='line_1_16' title="bbox 332 1302 1667 1369; baseline -0.001 -18"><span class='ocrx_word' id='word_1_107' title='bbox 332 1303 527 1360; x_wconf 65' lang='lat' dir='ltr'><em>demum,</em></span> <span class='ocrx_word' id='word_1_108' title='bbox 565 1304 651 1369; x_wconf 81' lang='lat' dir='ltr'><em>post</em></span> <span class='ocrx_word' id='word_1_109' title='bbox 689 1310 893 1368; x_wconf 75' lang='lat' dir='ltr'><em>epitomen</em></span> <span class='ocrx_word' id='word_1_110' title='bbox 922 1302 1215 1365; x_wconf 58' lang='lat' dir='ltr'><em>Bastffirffem,</em></span> <span class='ocrx_word' id='word_1_111' title='bbox 1258 1308 1457 1367; x_wconf 77' lang='lat' dir='ltr'><em>integrae</em></span> <span class='ocrx_word' id='word_1_112' title='bbox 1488 1320 1582 1349; x_wconf 88' lang='lat' dir='ltr'><em>cum</em></span> <span class='ocrx_word' id='word_1_113' title='bbox 1664 1359 1667 1362; x_wconf 23' lang='grc' dir='ltr'>Ι</span> 
     </span>
     <span class='ocr_line' id='line_1_17' title="bbox 333 1369 1580 1436; baseline -0.001 -20"><span class='ocrx_word' id='word_1_114' title='bbox 333 1372 459 1416; x_wconf 80' lang='lat' dir='ltr'><em>Petri</em></span> <span class='ocrx_word' id='word_1_115' title='bbox 481 1374 661 1416; x_wconf 80' lang='lat' dir='ltr'><em>Pantini</em></span> <span class='ocrx_word' id='word_1_116' title='bbox 680 1373 877 1431; x_wconf 74' lang='lat' dir='ltr'><em>versione,</em></span> <span class='ocrx_word' id='word_1_117' title='bbox 909 1376 1081 1436; x_wconf 72' lang='lat' dir='ltr'><em>eiusque</em></span> <span class='ocrx_word' id='word_1_118' title='bbox 1103 1384 1143 1416; x_wconf 73' lang='lat' dir='ltr'><em>et</em></span> <span class='ocrx_word' id='word_1_119' title='bbox 1165 1369 1380 1423; x_wconf 59' lang='lat' dir='ltr'><em>defflornm</em></span> <span class='ocrx_word' id='word_1_120' title='bbox 1397 1376 1508 1421; x_wconf 84' lang='lat' dir='ltr'><em>notis</em></span> <span class='ocrx_word' id='word_1_121' title='bbox 1531 1376 1580 1415; x_wconf 89' lang='lat' dir='ltr'><em>in</em></span> 
     </span>
     <span class='ocr_line' id='line_1_18' title="bbox 330 1438 1581 1501; baseline 0.001 -16"><span class='ocrx_word' id='word_1_122' title='bbox 330 1440 462 1485; x_wconf 78' lang='lat' dir='ltr'><em>lucem</em></span> <span class='ocrx_word' id='word_1_123' title='bbox 507 1438 662 1486; x_wconf 81' lang='lat' dir='ltr'><em>editae.</em></span> <span class='ocrx_word' id='word_1_124' title='bbox 759 1440 903 1501; x_wconf 83' lang='lat' dir='ltr'>Lugd-</span> <span class='ocrx_word' id='word_1_125' title='bbox 940 1445 1032 1486; x_wconf 80' lang='lat' dir='ltr'><strong>ssat.</strong></span> <span class='ocrx_word' id='word_1_126' title='bbox 1074 1457 1126 1485; x_wconf 84' lang='lat' dir='ltr'><em>ex</em></span> <span class='ocrx_word' id='word_1_127' title='bbox 1162 1439 1276 1487; x_wconf 83' lang='lat' dir='ltr'><em>offic.</em></span> <span class='ocrx_word' id='word_1_128' title='bbox 1314 1440 1581 1494; x_wconf 64' lang='lat' dir='ltr'><em>Elzeuitiana</em></span> 
     </span>
     <span class='ocr_line' id='line_1_19' title="bbox 337 1508 1582 1568; baseline -0.002 -13"><span class='ocrx_word' id='word_1_129' title='bbox 337 1511 480 1568; x_wconf 87' lang='lat'><strong>1619.</strong></span> <span class='ocrx_word' id='word_1_130' title='bbox 544 1512 664 1553; x_wconf 84' lang='lat' dir='ltr'>Turn</span> <span class='ocrx_word' id='word_1_131' title='bbox 691 1509 889 1566; x_wconf 80' lang='lat' dir='ltr'><em>sequitur</em></span> <span class='ocrx_word' id='word_1_132' title='bbox 921 1508 1103 1567; x_wconf 81' lang='lat' dir='ltr'><em>epistola</em></span> <span class='ocrx_word' id='word_1_133' title='bbox 1134 1508 1249 1552; x_wconf 83' lang='lat' dir='ltr'><em>Dan.</em></span> <span class='ocrx_word' id='word_1_134' title='bbox 1274 1508 1436 1568; x_wconf 66' lang='lat' dir='ltr'><em>Heinn&#39;</em></span> <span class='ocrx_word' id='word_1_135' title='bbox 1457 1509 1582 1552; x_wconf 89' lang='lat' dir='ltr'>dedi·</span> 
     </span>
     <span class='ocr_line' id='line_1_20' title="bbox 331 1574 1578 1634; baseline 0.002 -14"><span class='ocrx_word' id='word_1_136' title='bbox 331 1579 527 1633; x_wconf 83' lang='lat' dir='ltr'><em>catoria‚</em></span> <span class='ocrx_word' id='word_1_137' title='bbox 554 1584 732 1621; x_wconf 79' lang='lat' dir='ltr'>exarata</span> <span class='ocrx_word' id='word_1_138' title='bbox 770 1577 904 1632; x_wconf 81' lang='lat'><strong>1619.</strong></span> <span class='ocrx_word' id='word_1_139' title='bbox 935 1579 1031 1622; x_wconf 85' lang='lat' dir='ltr'><strong>XII.</strong></span> <span class='ocrx_word' id='word_1_140' title='bbox 1057 1578 1182 1622; x_wconf 85' lang='lat' dir='ltr'><em>Febr.</em></span> <span class='ocrx_word' id='word_1_141' title='bbox 1215 1579 1319 1620; x_wconf 79' lang='lat' dir='ltr'><em>Tria</em></span> <span class='ocrx_word' id='word_1_142' title='bbox 1345 1578 1481 1634; x_wconf 79' lang='lat' dir='ltr'><em>igitur</em></span> <span class='ocrx_word' id='word_1_143' title='bbox 1506 1574 1578 1622; x_wconf 71' lang='lat' dir='ltr'><em>iila</em></span> 
     </span>
     <span class='ocr_line' id='line_1_21' title="bbox 331 1640 1578 1704; baseline -0.002 -14"><span class='ocrx_word' id='word_1_144' title='bbox 331 1643 532 1703; x_wconf 78' lang='lat' dir='ltr'><em>exempla</em></span> <span class='ocrx_word' id='word_1_145' title='bbox 564 1646 690 1689; x_wconf 89' lang='lat' dir='ltr'><em>vnius</em></span> <span class='ocrx_word' id='word_1_146' title='bbox 722 1645 1012 1704; x_wconf 85' lang='lat' dir='ltr'>eiusdemque</span> <span class='ocrx_word' id='word_1_147' title='bbox 1037 1645 1249 1689; x_wconf 83' lang='lat' dir='ltr'>editionis</span> <span class='ocrx_word' id='word_1_148' title='bbox 1278 1640 1400 1687; x_wconf 79' lang='lat' dir='ltr'><em>fuisse</em></span> <span class='ocrx_word' id='word_1_149' title='bbox 1423 1644 1578 1688; x_wconf 87' lang='lat' dir='ltr'><em>viden-</em></span> 
     </span>
     <span class='ocr_line' id='line_1_22' title="bbox 329 1711 1579 1772; baseline -0.002 -15"><span class='ocrx_word' id='word_1_150' title='bbox 329 1722 425 1764; x_wconf 84' lang='lat' dir='ltr'><em>tur,</em></span> <span class='ocrx_word' id='word_1_151' title='bbox 461 1714 522 1757; x_wconf 82' lang='lat' dir='ltr'><em>ita</em></span> <span class='ocrx_word' id='word_1_152' title='bbox 559 1720 609 1757; x_wconf 85' lang='lat' dir='ltr'><em>vt</em></span> <span class='ocrx_word' id='word_1_153' title='bbox 640 1711 840 1755; x_wconf 80' lang='lat' dir='ltr'><em>librarius</em></span> <span class='ocrx_word' id='word_1_154' title='bbox 867 1711 1044 1772; x_wconf 84' lang='lat' dir='ltr'>fingulis</span> <span class='ocrx_word' id='word_1_155' title='bbox 1067 1721 1241 1756; x_wconf 84' lang='lat' dir='ltr'>tantum</span> <span class='ocrx_word' id='word_1_156' title='bbox 1276 1713 1579 1757; x_wconf 76' lang='lat' dir='ltr'><em>nouumtitu-</em></span> 
     </span>
     <span class='ocr_line' id='line_1_23' title="bbox 327 1777 1574 1840; baseline -0.002 -16"><span class='ocrx_word' id='word_1_157' title='bbox 327 1779 357 1824; x_wconf 87' lang='lat' dir='ltr'><em>li</em></span> <span class='ocrx_word' id='word_1_158' title='bbox 393 1779 550 1824; x_wconf 85' lang='lat' dir='ltr'><em>folium</em></span> <span class='ocrx_word' id='word_1_159' title='bbox 586 1777 871 1838; x_wconf 79' lang='lat' dir='ltr'><em>praefigeret.</em></span> <span class='ocrx_word' id='word_1_160' title='bbox 920 1780 1122 1838; x_wconf 77' lang='lat' dir='ltr'><em>Gregorii</em></span> <span class='ocrx_word' id='word_1_161' title='bbox 1151 1779 1302 1840; x_wconf 81' lang='lat' dir='ltr'><em>Cyprii</em></span> <span class='ocrx_word' id='word_1_162' title='bbox 1335 1780 1574 1835; x_wconf 77' lang='lat' dir='ltr'><em>prouerbia</em></span> 
     </span>
     <span class='ocr_line' id='line_1_24' title="bbox 324 1842 1575 1908; baseline -0.001 -17"><span class='ocrx_word' id='word_1_163' title='bbox 324 1863 421 1908; x_wconf 50' lang='lat' dir='ltr'><em>pagi</em></span> <span class='ocrx_word' id='word_1_164' title='bbox 458 1860 543 1906; x_wconf 83' lang='lat'><em>273</em></span> <span class='ocrx_word' id='word_1_165' title='bbox 572 1869 614 1879; x_wconf 90' lang='lat'>—</span> <span class='ocrx_word' id='word_1_166' title='bbox 643 1851 755 1897; x_wconf 84' lang='lat'><strong>281.</strong></span> <span class='ocrx_word' id='word_1_167' title='bbox 788 1847 874 1889; x_wconf 89' lang='lat' dir='ltr'><em>iarn</em></span> <span class='ocrx_word' id='word_1_168' title='bbox 895 1847 1056 1895; x_wconf 76' lang='lat' dir='ltr'><em>inserta</em></span> <span class='ocrx_word' id='word_1_169' title='bbox 1079 1842 1199 1890; x_wconf 80' lang='lat' dir='ltr'><em>fuisse</em></span> <span class='ocrx_word' id='word_1_170' title='bbox 1224 1843 1575 1904; x_wconf 63' lang='lat' dir='ltr'><em>primae‘editio-</em></span> 
     </span>
     <span class='ocr_line' id='line_1_25' title="bbox 323 1911 1570 1974; baseline -0.002 -15"><span class='ocrx_word' id='word_1_171' title='bbox 323 1918 395 1970; x_wconf 85' lang='lat' dir='ltr'><em>ni,</em></span> <span class='ocrx_word' id='word_1_172' title='bbox 434 1915 631 1974; x_wconf 83' lang='lat' dir='ltr'><em>cognoui</em></span> <span class='ocrx_word' id='word_1_173' title='bbox 663 1929 717 1957; x_wconf 82' lang='lat' dir='ltr'><em>ex</em></span> <span class='ocrx_word' id='word_1_174' title='bbox 748 1915 946 1957; x_wconf 85' lang='lat' dir='ltr'><em>Fabricio</em></span> <span class='ocrx_word' id='word_1_175' title='bbox 979 1913 1006 1958; x_wconf 80' lang='lat' dir='ltr'><em>l.</em></span> <span class='ocrx_word' id='word_1_176' title='bbox 1029 1916 1102 1959; x_wconf 85' lang='lat' dir='ltr'><em>cit.</em></span> <span class='ocrx_word' id='word_1_177' title='bbox 1126 1914 1238 1958; x_wconf 90' lang='lat' dir='ltr'>adde</span> <span class='ocrx_word' id='word_1_178' title='bbox 1262 1911 1441 1955; x_wconf 74' lang='lat' dir='ltr'><em>Clemenz</em></span> <span class='ocrx_word' id='word_1_179' title='bbox 1464 1911 1570 1957; x_wconf 85' lang='lat' dir='ltr'><em>bibl&#39;.</em></span> 
     </span>
     <span class='ocr_line' id='line_1_26' title="bbox 322 1979 1573 2041; baseline -0.004 -14"><span class='ocrx_word' id='word_1_180' title='bbox 322 1982 520 2039; x_wconf 77' lang='lat' dir='ltr'><em>historiq</em></span> <span class='ocrx_word' id='word_1_181' title='bbox 559 1990 606 2025; x_wconf 86' lang='lat' dir='ltr'><em>et</em></span> <span class='ocrx_word' id='word_1_182' title='bbox 628 1981 774 2038; x_wconf 82' lang='lat' dir='ltr'><em>critiq.</em></span> <span class='ocrx_word' id='word_1_183' title='bbox 810 1991 923 2025; x_wconf 82' lang='lat' dir='ltr'><em>tom</em></span> <span class='ocrx_word' id='word_1_184' title='bbox 957 1983 989 2025; x_wconf 89' lang='grc' dir='ltr'><em>Ι.</em></span> <span class='ocrx_word' id='word_1_185' title='bbox 1019 1996 1118 2041; x_wconf 87' lang='lat' dir='ltr'><strong>pag.</strong></span> <span class='ocrx_word' id='word_1_186' title='bbox 1138 1994 1252 2040; x_wconf 81' lang='lat'><strong>432.</strong></span> <span class='ocrx_word' id='word_1_187' title='bbox 1278 1980 1371 2038; x_wconf 89' lang='lat' dir='ltr'><em>sqq</em></span> <span class='ocrx_word' id='word_1_188' title='bbox 1393 1979 1573 2039; x_wconf 69' lang='lat' dir='ltr'><em>Freyta-</em></span> 
     </span>
     <span class='ocr_line' id='line_1_27' title="bbox 310 2047 1571 2111; baseline 0.001 -20"><span class='ocrx_word' id='word_1_189' title='bbox 310 2053 388 2111; x_wconf 70' lang='lat' dir='ltr'><em>gii</em></span> <span class='ocrx_word' id='word_1_190' title='bbox 421 2051 570 2107; x_wconf 83' lang='lat' dir='ltr'><strong>adpar</strong></span> <span class='ocrx_word' id='word_1_191' title='bbox 605 2047 743 2093; x_wconf 85' lang='lat' dir='ltr'><em>litter.</em></span> <span class='ocrx_word' id='word_1_192' title='bbox 781 2058 891 2093; x_wconf 85' lang='lat' dir='ltr'><strong>tom.</strong></span> <span class='ocrx_word' id='word_1_193' title='bbox 917 2048 970 2094; x_wconf 85' lang='grc' dir='ltr'><em>ΙΙ</em></span> <span class='ocrx_word' id='word_1_194' title='bbox 992 2064 1090 2108; x_wconf 87' lang='lat' dir='ltr'><strong>pag.</strong></span> <span class='ocrx_word' id='word_1_195' title='bbox 1122 2062 1260 2109; x_wconf 80' lang='lat'><strong>1330.</strong></span> <span class='ocrx_word' id='word_1_196' title='bbox 1462 2048 1571 2093; x_wconf 70' lang='lat' dir='ltr'><em>Ora-</em></span> 
     </span>
     <span class='ocr_line' id='line_1_28' title="bbox 317 2113 1569 2173; baseline -0.002 -11"><span class='ocrx_word' id='word_1_197' title='bbox 317 2121 494 2162; x_wconf 80' lang='lat' dir='ltr'><em>tionem</em></span> <span class='ocrx_word' id='word_1_198' title='bbox 517 2118 750 2160; x_wconf 83' lang='lat' dir='ltr'><em>funebrem</em></span> <span class='ocrx_word' id='word_1_199' title='bbox 773 2117 918 2160; x_wconf 83' lang='lat' dir='ltr'><em>edidit</em></span> <span class='ocrx_word' id='word_1_200' title='bbox 940 2116 977 2158; x_wconf 84' lang='grc' dir='ltr'><em>Γ</em></span> <span class='ocrx_word' id='word_1_201' title='bbox 975 2113 1168 2159; x_wconf 71' lang='lat' dir='ltr'><em>u&#39;lebvrn</em></span> <span class='ocrx_word' id='word_1_202' title='bbox 1192 2132 1232 2160; x_wconf 92' lang='lat' dir='ltr'>v</span> <span class='ocrx_word' id='word_1_203' title='bbox 1255 2116 1302 2159; x_wconf 89' lang='lat' dir='ltr'><em>in</em></span> <span class='ocrx_word' id='word_1_204' title='bbox 1322 2122 1471 2163; x_wconf 84' lang='lat' dir='ltr'><strong>antec.</strong></span> <span class='ocrx_word' id='word_1_205' title='bbox 1494 2131 1569 2173; x_wconf 90' lang='lat' dir='ltr'><em>pa-</em></span> 
     </span>
     <span class='ocr_line' id='line_1_29' title="bbox 317 2183 1094 2246; baseline 0.008 -24.203"><span class='ocrx_word' id='word_1_206' title='bbox 317 2201 432 2246; x_wconf 64' lang='lat' dir='ltr'><strong>ragr.</strong></span> <span class='ocrx_word' id='word_1_207' title='bbox 456 2187 514 2230; x_wconf 90' lang='lat' dir='ltr'><em>de</em></span> <span class='ocrx_word' id='word_1_208' title='bbox 535 2185 731 2244; x_wconf 80' lang='lat' dir='ltr'><em>Georgio</em></span> <span class='ocrx_word' id='word_1_209' title='bbox 754 2183 946 2228; x_wconf 78' lang='lat' dir='ltr'><em>Gemisto</em></span> <span class='ocrx_word' id='word_1_210' title='bbox 970 2200 1035 2228; x_wconf 83' lang='lat' dir='ltr'><em>nr.</em></span> <span class='ocrx_word' id='word_1_211' title='bbox 1057 2199 1094 2228; x_wconf 85' lang='lat' dir='ltr'><em>c.</em></span> 
     </span>
    </p>

    <p class='ocr_par' dir='ltr' id='par_1_3' title="bbox 422 2243 1571 2312">
     <span class='ocr_line' id='line_1_30' title="bbox 422 2243 1571 2312; baseline 0 -17"><span class='ocrx_word' id='word_1_212' title='bbox 422 2255 490 2298; x_wconf 79' lang='lat' dir='ltr'><em>De</em></span> <span class='ocrx_word' id='word_1_213' title='bbox 512 2253 685 2295; x_wconf 79' lang='lat' dir='ltr'><em>inedito</em></span> <span class='ocrx_word' id='word_1_214' title='bbox 708 2249 905 2312; x_wconf 80' lang='lat' dir='ltr'><em>Apostolii</em></span> <span class='ocrx_word' id='word_1_215' title='bbox 926 2267 1066 2309; x_wconf 87' lang='lat' dir='ltr'><em>opere</em></span> <span class='ocrx_word' id='word_1_216' title='bbox 1088 2243 1211 2298; x_wconf 70' lang='grc' dir='ltr'>Ιωνιοὶ</span> <span class='ocrx_word' id='word_1_217' title='bbox 1236 2248 1321 2296; x_wconf 85' lang='lat' dir='ltr'><em>fiue</em></span> <span class='ocrx_word' id='word_1_218' title='bbox 1333 2249 1571 2295; x_wconf 75' lang='lat' dir='ltr'><em>violarium</em></span> 
     </span>
    </p>
   </div>
   <div class='ocr_carea' id='block_1_3' title="bbox 318 2311 1565 2442">
    <p class='ocr_par' dir='ltr' id='par_1_4' title="bbox 318 2311 1565 2442">
     <span class='ocr_line' id='line_1_31' title="bbox 318 2311 1565 2442; baseline -0.004 -75"><span class='ocrx_word' id='word_1_219' title='bbox 318 2337 371 2365; x_wconf 84' lang='lat' dir='ltr'><em>ex</em></span> <span class='ocrx_word' id='word_1_220' title='bbox 421 2337 511 2379; x_wconf 90' lang='lat' dir='ltr'><em>quo</em></span> <span class='ocrx_word' id='word_1_221' title='bbox 552 2314 755 2377; x_wconf 60' lang='lat' dir='ltr'><em>Affinius</em></span> <span class='ocrx_word' id='word_1_222' title='bbox 792 2313 1163 2383; x_wconf 61' lang='grc' dir='ltr'><em>ἀποφθέγματα</em></span> <span class='ocrx_word' id='word_1_223' title='bbox 1186 2311 1446 2442; x_wconf 59' lang='grc' dir='ltr'><em>φιλ-οσόςῗων</em></span> <span class='ocrx_word' id='word_1_224' title='bbox 1479 2327 1565 2363; x_wconf 90' lang='lat' dir='ltr'><em>etc.</em></span> 
     </span>
     <span class='ocr_line' id='line_1_32' title="bbox 1399 2389 1563 2430; baseline 0 0"><span class='ocrx_word' id='word_1_225' title='bbox 1399 2389 1563 2430; x_wconf 87' lang='lat' dir='ltr'>Romae</span> 
     </span>
    </p>
   </div>
   <div class='ocr_carea' id='block_1_4' title="bbox 1286 2072 1421 2081">
    <p class='ocr_par' dir='ltr' id='par_1_5' title="bbox 1286 2072 1421 2081">
     <span class='ocr_line' id='line_1_33' title="bbox 1286 2072 1421 2081; baseline 0 944"><span class='ocrx_word' id='word_1_226' title='bbox 1286 2072 1421 2081; x_wconf 95' lang='lat' dir='ltr'><em> </em></span> 
     </span>
    </p>
   </div>
   <div class='ocr_carea' id='block_1_5' title="bbox 368 2481 1564 2654">
    <p class='ocr_par' dir='ltr' id='par_1_6' title="bbox 368 2481 1564 2654">
     <span class='ocr_line' id='line_1_34' title="bbox 368 2481 1564 2536; baseline -0.007 -9"><span class='ocrx_word' id='word_1_227' title='bbox 368 2489 404 2532; x_wconf 70' lang='lat'><em>³⁸)</em></span> <span class='ocrx_word' id='word_1_228' title='bbox 434 2491 490 2527; x_wconf 87' lang='lat' dir='ltr'><em>De</em></span> <span class='ocrx_word' id='word_1_229' title='bbox 521 2490 598 2526; x_wconf 89' lang='lat' dir='ltr'><em>hoc</em></span> <span class='ocrx_word' id='word_1_230' title='bbox 629 2487 846 2536; x_wconf 84' lang='lat' dir='ltr'><em>patriarcha</em></span> <span class='ocrx_word' id='word_1_231' title='bbox 876 2485 1112 2533; x_wconf 84' lang='lat' dir='ltr'><em>CPolitano,</em></span> <span class='ocrx_word' id='word_1_232' title='bbox 1156 2500 1191 2524; x_wconf 83' lang='lat' dir='ltr'><em>a.</em></span> <span class='ocrx_word' id='word_1_233' title='bbox 1227 2489 1346 2531; x_wconf 86' lang='lat'><strong>1283.</strong></span> <span class='ocrx_word' id='word_1_234' title='bbox 1376 2499 1414 2524; x_wconf 76' lang='lat' dir='ltr'><em>v.</em></span> <span class='ocrx_word' id='word_1_235' title='bbox 1448 2481 1564 2521; x_wconf 81' lang='lat' dir='ltr'><em>Fabr.</em></span> 
     </span>
     <span class='ocr_line' id='line_1_35' title="bbox 423 2540 1561 2654; baseline -0.003 -72"><span class='ocrx_word' id='word_1_236' title='bbox 423 2547 469 2582; x_wconf 87' lang='lat' dir='ltr'><em>B.</em></span> <span class='ocrx_word' id='word_1_237' title='bbox 502 2548 579 2654; x_wconf 67' lang='lat' dir='ltr'><em>Gis-q</em></span> <span class='ocrx_word' id='word_1_238' title='bbox 606 2547 689 2582; x_wconf 78' lang='lat' dir='ltr'><em>vol.</em></span> <span class='ocrx_word' id='word_1_239' title='bbox 712 2547 791 2595; x_wconf 66' lang='lat' dir='ltr'><em>⁸VI·</em></span> <span class='ocrx_word' id='word_1_240' title='bbox 819 2557 858 2595; x_wconf 84' lang='lat' dir='ltr'><em>p.</em></span> <span class='ocrx_word' id='word_1_241' title='bbox 879 2543 977 2595; x_wconf 87' lang='lat'><strong>603.</strong></span> <span class='ocrx_word' id='word_1_242' title='bbox 1002 2546 1080 2595; x_wconf 81' lang='lat' dir='ltr'><strong>sqq.</strong></span> <span class='ocrx_word' id='word_1_243' title='bbox 1119 2540 1227 2580; x_wconf 78' lang='lat' dir='ltr'><em>Saxii</em></span> <span class='ocrx_word' id='word_1_244' title='bbox 1254 2547 1390 2584; x_wconf 88' lang='lat' dir='ltr'><strong>onom.</strong></span> <span class='ocrx_word' id='word_1_245' title='bbox 1411 2546 1457 2582; x_wconf 86' lang='lat'><em>11.</em></span> <span class='ocrx_word' id='word_1_246' title='bbox 1474 2553 1561 2592; x_wconf 75' lang='lat' dir='ltr'><strong>pag..</strong></span> 
     </span>
     <span class='ocr_line' id='line_1_36' title="bbox 424 2607 593 2653; baseline -0.03 -14"><span class='ocrx_word' id='word_1_247' title='bbox 424 2607 519 2653; x_wconf 80' lang='lat'><em>322.</em></span> <span class='ocrx_word' id='word_1_248' title='bbox 584 2624 593 2634; x_wconf 93' lang='lat'><strong>.</strong></span> 
     </span>
    </p>
   </div>
  </div>
 </body>
</html>
