<?xml version="1.0" encoding="UTF-8"?>
<!DOCTYPE html PUBLIC "-//W3C//DTD XHTML 1.0 Transitional//EN"
    "http://www.w3.org/TR/xhtml1/DTD/xhtml1-transitional.dtd">
<html xmlns="http://www.w3.org/1999/xhtml" xml:lang="en" lang="en">
 <head>
  <title>
</title>
<meta http-equiv="Content-Type" content="text/html;charset=utf-8" />
  <meta name='ocr-system' content='tesseract 3.04.00' />
  <meta name='ocr-capabilities' content='ocr_page ocr_carea ocr_par ocr_line ocrx_word'/>
</head>
<body>
  <div class='ocr_page' id='page_1' title='image "./p1theophilichristo02harluoft_0096.png"; bbox 0 0 1727 3005; ppageno 0'>
   <div class='ocr_carea' id='block_1_1' title="bbox 270 219 1094 310">
    <p class='ocr_par' dir='ltr' id='par_1_1' title="bbox 270 219 1094 310">
     <span class='ocr_line' id='line_1_1' title="bbox 270 219 1094 310; baseline -0.006 -15"><span class='ocrx_word' id='word_1_1' title='bbox 270 259 333 310; x_wconf 73' lang='lat'><strong>34</strong></span> <span class='ocrx_word' id='word_1_2' title='bbox 399 234 402 236; x_wconf 80' lang='grc'><strong>’</strong></span> <span class='ocrx_word' id='word_1_3' title='bbox 611 299 617 306; x_wconf 42' lang='grc'><strong>,</strong></span> <span class='ocrx_word' id='word_1_4' title='bbox 701 219 1094 290; x_wconf 78' lang='lat' dir='ltr'><em>PLVTARCHVS.</em></span> 
     </span>
    </p>
   </div>
   <div class='ocr_carea' id='block_1_2' title="bbox 267 365 1535 1372">
    <p class='ocr_par' dir='ltr' id='par_1_2' title="bbox 267 365 1535 1372">
     <span class='ocr_line' id='line_1_2' title="bbox 271 365 1524 433; baseline -0.005 -16"><span class='ocrx_word' id='word_1_5' title='bbox 271 374 347 433; x_wconf 87' lang='lat' dir='ltr'><strong>qui</strong></span> <span class='ocrx_word' id='word_1_6' title='bbox 374 367 586 416; x_wconf 73' lang='lat' dir='ltr'><strong>Venetiis‘</strong></span> <span class='ocrx_word' id='word_1_7' title='bbox 608 383 730 428; x_wconf 79' lang='lat'>1477</span> <span class='ocrx_word' id='word_1_8' title='bbox 758 366 956 426; x_wconf 79' lang='lat' dir='ltr'><strong>praelum</strong></span> <span class='ocrx_word' id='word_1_9' title='bbox 979 369 1192 427; x_wconf 82' lang='lat' dir='ltr'><strong>exercuit,</strong></span> <span class='ocrx_word' id='word_1_10' title='bbox 1225 369 1409 413; x_wconf 87' lang='lat' dir='ltr'><strong>coniicit</strong></span> <span class='ocrx_word' id='word_1_11' title='bbox 1441 365 1524 411; x_wconf 82' lang='lat' dir='ltr'><strong>cel.</strong></span> 
     </span>
     <span class='ocr_line' id='line_1_3' title="bbox 267 435 1526 493; baseline -0.006 -8"><span class='ocrx_word' id='word_1_12' title='bbox 267 439 446 486; x_wconf 76' lang='lat' dir='ltr'><strong>Morelli</strong></span> <span class='ocrx_word' id='word_1_13' title='bbox 467 453 629 482; x_wconf 78' lang='lat' dir='ltr'><strong>annum</strong></span> <span class='ocrx_word' id='word_1_14' title='bbox 651 435 764 480; x_wconf 83' lang='lat' dir='ltr'><strong>illius</strong></span> <span class='ocrx_word' id='word_1_15' title='bbox 785 437 1008 482; x_wconf 79' lang='lat' dir='ltr'><strong>editionis.</strong></span> <span class='ocrx_word' id='word_1_16' title='bbox 1075 437 1187 479; x_wconf 90' lang='lat' dir='ltr'><strong>Inde</strong></span> <span class='ocrx_word' id='word_1_17' title='bbox 1211 437 1398 493; x_wconf 82' lang='lat' dir='ltr'><strong>suppleri</strong></span> <span class='ocrx_word' id='word_1_18' title='bbox 1424 444 1526 492; x_wconf 85' lang='lat' dir='ltr'><strong>pot·</strong></span> 
     </span>
     <span class='ocr_line' id='line_1_4' title="bbox 270 502 1526 560; baseline -0.006 -8"><span class='ocrx_word' id='word_1_19' title='bbox 270 508 330 553; x_wconf 86' lang='lat' dir='ltr'><strong>est</strong></span> <span class='ocrx_word' id='word_1_20' title='bbox 366 516 472 550; x_wconf 78' lang='lat' dir='ltr'><strong>nota</strong></span> <span class='ocrx_word' id='word_1_21' title='bbox 508 504 560 548; x_wconf 89' lang='lat' dir='ltr'><strong>cl.</strong></span> <span class='ocrx_word' id='word_1_22' title='bbox 593 502 754 558; x_wconf 74' lang='lat' dir='ltr'><strong>Demfiz·</strong></span> <span class='ocrx_word' id='word_1_23' title='bbox 789 505 834 548; x_wconf 90' lang='lat' dir='ltr'><strong>in</strong></span> <span class='ocrx_word' id='word_1_24' title='bbox 871 502 1084 560; x_wconf 85' lang='lat' dir='ltr'><strong>supplem.</strong></span> <span class='ocrx_word' id='word_1_25' title='bbox 1131 502 1526 550; x_wconf 46' lang='lat' dir='ltr'><strong>annalslVlaittair.</strong></span> 
     </span>
     <span class='ocr_line' id='line_1_5' title="bbox 268 565 1527 630; baseline -0.006 -10"><span class='ocrx_word' id='word_1_26' title='bbox 268 574 383 620; x_wconf 69' lang='lat' dir='ltr'><strong>tom.</strong></span> <span class='ocrx_word' id='word_1_27' title='bbox 415 579 445 619; x_wconf 85' lang='lat' dir='ltr'><strong>I.</strong></span> <span class='ocrx_word' id='word_1_28' title='bbox 473 584 708 630; x_wconf 52' lang='lat' dir='ltr'><strong>pag.s254.</strong></span> <span class='ocrx_word' id='word_1_29' title='bbox 734 572 811 628; x_wconf 82' lang='lat' dir='ltr'><strong>qui</strong></span> <span class='ocrx_word' id='word_1_30' title='bbox 833 565 1103 613; x_wconf 76' lang='lat' dir='ltr'><em>Problemata</em></span> <span class='ocrx_word' id='word_1_31' title='bbox 1139 572 1187 613; x_wconf 90' lang='lat' dir='ltr'><strong>in</strong></span> <span class='ocrx_word' id='word_1_32' title='bbox 1211 569 1397 614; x_wconf 85' lang='lat' dir='ltr'><strong>latinum</strong></span> <span class='ocrx_word' id='word_1_33' title='bbox 1418 585 1527 612; x_wconf 86' lang='lat' dir='ltr'><strong>con-</strong></span> 
     </span>
     <span class='ocr_line' id='line_1_6' title="bbox 269 635 1528 696; baseline -0.003 -10"><span class='ocrx_word' id='word_1_34' title='bbox 269 642 391 686; x_wconf 74' lang='lat' dir='ltr'><strong>uersa</strong></span> <span class='ocrx_word' id='word_1_35' title='bbox 425 654 505 696; x_wconf 88' lang='lat' dir='ltr'><strong>per</strong></span> <span class='ocrx_word' id='word_1_36' title='bbox 540 641 604 682; x_wconf 92' lang='lat' dir='ltr'><strong>Io.</strong></span> <span class='ocrx_word' id='word_1_37' title='bbox 640 657 695 666; x_wconf 87' lang='grc'><strong>-·</strong></span> <span class='ocrx_word' id='word_1_38' title='bbox 726 640 908 682; x_wconf 77' lang='lat' dir='ltr'><strong>Petrum</strong></span> <span class='ocrx_word' id='word_1_39' title='bbox 929 638 1224 688; x_wconf 81' lang='lat' dir='ltr'><strong>Luccensem,</strong></span> <span class='ocrx_word' id='word_1_40' title='bbox 1276 652 1375 680; x_wconf 85' lang='lat' dir='ltr'><strong>cum</strong></span> <span class='ocrx_word' id='word_1_41' title='bbox 1401 635 1528 694; x_wconf 75' lang='lat' dir='ltr'><strong>epist.</strong></span> 
     </span>
     <span class='ocr_line' id='line_1_7' title="bbox 271 705 1528 764; baseline -0.006 -11"><span class='ocrx_word' id='word_1_42' title='bbox 271 707 527 764; x_wconf 77' lang='lat' dir='ltr'><strong>Calphurnii</strong></span> <span class='ocrx_word' id='word_1_43' title='bbox 540 706 729 748; x_wconf 79' lang='lat' dir='ltr'><strong>Brixiani</strong></span> <span class='ocrx_word' id='word_1_44' title='bbox 742 729 806 737; x_wconf 93' lang='lat'>—</span> <span class='ocrx_word' id='word_1_45' title='bbox 831 706 1014 747; x_wconf 59' lang='lat' dir='ltr'><strong>Veneriis</strong></span> <span class='ocrx_word' id='word_1_46' title='bbox 1029 721 1109 762; x_wconf 88' lang='lat' dir='ltr'><strong>per</strong></span> <span class='ocrx_word' id='word_1_47' title='bbox 1126 708 1294 750; x_wconf 83' lang='lat' dir='ltr'><strong>Anton.</strong></span> <span class='ocrx_word' id='word_1_48' title='bbox 1309 705 1366 748; x_wconf 85' lang='lat' dir='ltr'><strong>de</strong></span> <span class='ocrx_word' id='word_1_49' title='bbox 1386 705 1528 748; x_wconf 78' lang='lat' dir='ltr'><strong>Strata</strong></span> 
     </span>
     <span class='ocr_line' id='line_1_8' title="bbox 272 770 1528 829; baseline -0.005 -10"><span class='ocrx_word' id='word_1_50' title='bbox 272 773 650 826; x_wconf 76' lang='lat' dir='ltr'><strong>Cremonensem,</strong></span> <span class='ocrx_word' id='word_1_51' title='bbox 685 788 723 816; x_wconf 77' lang='lat' dir='ltr'><strong>a.</strong></span> <span class='ocrx_word' id='word_1_52' title='bbox 755 779 875 829; x_wconf 77' lang='lat'>1488</span> <span class='ocrx_word' id='word_1_53' title='bbox 913 773 1080 824; x_wconf 79' lang='lat' dir='ltr'><strong>adfert,</strong></span> <span class='ocrx_word' id='word_1_54' title='bbox 1116 780 1186 823; x_wconf 86' lang='lat' dir='ltr'><strong>et,</strong></span> <span class='ocrx_word' id='word_1_55' title='bbox 1219 772 1340 829; x_wconf 85' lang='lat' dir='ltr'><strong>quod</strong></span> <span class='ocrx_word' id='word_1_56' title='bbox 1370 773 1416 814; x_wconf 89' lang='lat' dir='ltr'><strong>in</strong></span> <span class='ocrx_word' id='word_1_57' title='bbox 1447 770 1528 814; x_wconf 79' lang='lat' dir='ltr'><strong>hac</strong></span> 
     </span>
     <span class='ocr_line' id='line_1_9' title="bbox 271 833 1530 900; baseline -0.006 -14"><span class='ocrx_word' id='word_1_58' title='bbox 271 844 470 886; x_wconf 83' lang='lat' dir='ltr'><strong>editione</strong></span> <span class='ocrx_word' id='word_1_59' title='bbox 487 842 620 884; x_wconf 76' lang='lat' dir='ltr'><strong>etiam</strong></span> <span class='ocrx_word' id='word_1_60' title='bbox 643 841 836 884; x_wconf 85' lang='lat' dir='ltr'><strong>occurrit</strong></span> <span class='ocrx_word' id='word_1_61' title='bbox 861 840 1129 898; x_wconf 71' lang='lat' dir='ltr'><strong>epigramma</strong></span> <span class='ocrx_word' id='word_1_62' title='bbox 1149 840 1202 883; x_wconf 90' lang='lat' dir='ltr'><strong>ad</strong></span> <span class='ocrx_word' id='word_1_63' title='bbox 1216 833 1530 900; x_wconf 81' lang='lat' dir='ltr'><strong>Siliprandum‚</strong></span> 
     </span>
     <span class='ocr_line' id='line_1_10' title="bbox 271 900 1530 964; baseline -0.005 -10"><span class='ocrx_word' id='word_1_64' title='bbox 271 910 484 960; x_wconf 83' lang='lat' dir='ltr'><strong>coniicit,</strong></span> <span class='ocrx_word' id='word_1_65' title='bbox 520 906 646 951; x_wconf 81' lang='lat' dir='ltr'><strong>aliam</strong></span> <span class='ocrx_word' id='word_1_66' title='bbox 675 903 902 964; x_wconf 75' lang='lat' dir='ltr'><strong>praeiuiffe</strong></span> <span class='ocrx_word' id='word_1_67' title='bbox 924 907 1196 953; x_wconf 77' lang='lat' dir='ltr'><strong>editionem:</strong></span> <span class='ocrx_word' id='word_1_68' title='bbox 1233 914 1364 964; x_wconf 79' lang='lat' dir='ltr'><strong>atque</strong></span> <span class='ocrx_word' id='word_1_69' title='bbox 1404 900 1530 963; x_wconf 78' lang='lat' dir='ltr'><strong>prae-</strong></span> 
     </span>
     <span class='ocr_line' id='line_1_11' title="bbox 269 971 1534 1029; baseline -0.006 -9"><span class='ocrx_word' id='word_1_70' title='bbox 269 975 394 1021; x_wconf 81' lang='lat' dir='ltr'><strong>iuisse</strong></span> <span class='ocrx_word' id='word_1_71' title='bbox 424 974 578 1028; x_wconf 78' lang='lat' dir='ltr'><strong>aliam,</strong></span> <span class='ocrx_word' id='word_1_72' title='bbox 622 990 673 1017; x_wconf 85' lang='lat' dir='ltr'><strong>ex</strong></span> <span class='ocrx_word' id='word_1_73' title='bbox 699 982 806 1019; x_wconf 84' lang='lat' dir='ltr'><strong>nota</strong></span> <span class='ocrx_word' id='word_1_74' title='bbox 837 971 890 1020; x_wconf 67' lang='lat' dir='ltr'><strong>cl,</strong></span> <span class='ocrx_word' id='word_1_75' title='bbox 929 973 1107 1017; x_wconf 76' lang='lat' dir='ltr'><strong>Nlorelli</strong></span> <span class='ocrx_word' id='word_1_76' title='bbox 1139 972 1264 1029; x_wconf 67' lang='lat' dir='ltr'><strong>fimus</strong></span> <span class='ocrx_word' id='word_1_77' title='bbox 1298 974 1534 1018; x_wconf 77' lang='lat' dir='ltr'><strong>certiores.</strong></span> 
     </span>
     <span class='ocr_line' id='line_1_12' title="bbox 270 1036 1533 1101; baseline -0.006 -13"><span class='ocrx_word' id='word_1_78' title='bbox 270 1043 367 1101; x_wconf 85' lang='lat' dir='ltr'><strong>Ipse</strong></span> <span class='ocrx_word' id='word_1_79' title='bbox 390 1052 538 1087; x_wconf 80' lang='lat' dir='ltr'><strong>tamen</strong></span> <span class='ocrx_word' id='word_1_80' title='bbox 562 1039 759 1085; x_wconf 86' lang='lat' dir='ltr'><strong>Denifius</strong></span> <span class='ocrx_word' id='word_1_81' title='bbox 781 1050 892 1085; x_wconf 86' lang='lat' dir='ltr'><strong>tom.</strong></span> <span class='ocrx_word' id='word_1_82' title='bbox 924 1043 979 1085; x_wconf 86' lang='grc' dir='ltr'><strong>Π.</strong></span> <span class='ocrx_word' id='word_1_83' title='bbox 1013 1057 1116 1100; x_wconf 65' lang='lat' dir='ltr'><strong>pag,</strong></span> <span class='ocrx_word' id='word_1_84' title='bbox 1153 1042 1242 1099; x_wconf 88' lang='lat'><strong>641</strong></span> <span class='ocrx_word' id='word_1_85' title='bbox 1287 1056 1340 1084; x_wconf 83' lang='lat' dir='ltr'><strong>ex</strong></span> <span class='ocrx_word' id='word_1_86' title='bbox 1375 1036 1533 1084; x_wconf 89' lang='lat' dir='ltr'><strong>Pinelli</strong></span> 
     </span>
     <span class='ocr_line' id='line_1_13' title="bbox 273 1106 1532 1166; baseline -0.006 -10"><span class='ocrx_word' id='word_1_87' title='bbox 273 1109 397 1156; x_wconf 83' lang='lat' dir='ltr'><strong>catal.</strong></span> <span class='ocrx_word' id='word_1_88' title='bbox 422 1112 521 1153; x_wconf 85' lang='lat' dir='ltr'><strong>bina</strong></span> <span class='ocrx_word' id='word_1_89' title='bbox 542 1108 614 1152; x_wconf 85' lang='lat' dir='ltr'><strong>illa</strong></span> <span class='ocrx_word' id='word_1_90' title='bbox 633 1107 832 1166; x_wconf 84' lang='lat' dir='ltr'><strong>exempla</strong></span> <span class='ocrx_word' id='word_1_91' title='bbox 853 1117 1091 1154; x_wconf 81' lang='lat' dir='ltr'><strong>memorat.</strong></span> <span class='ocrx_word' id='word_1_92' title='bbox 1131 1129 1182 1141; x_wconf 51' lang='grc' dir='ltr'><strong>-ν</strong></span> <span class='ocrx_word' id='word_1_93' title='bbox 1235 1108 1346 1152; x_wconf 90' lang='lat' dir='ltr'><strong>Ibid.</strong></span> <span class='ocrx_word' id='word_1_94' title='bbox 1381 1121 1434 1150; x_wconf 83' lang='lat' dir='ltr'><strong>ex</strong></span> <span class='ocrx_word' id='word_1_95' title='bbox 1462 1106 1532 1148; x_wconf 88' lang='lat' dir='ltr'><strong>Pi-</strong></span> 
     </span>
     <span class='ocr_line' id='line_1_14' title="bbox 273 1171 1535 1235; baseline -0.004 -14"><span class='ocrx_word' id='word_1_96' title='bbox 273 1177 380 1222; x_wconf 88' lang='lat' dir='ltr'><strong>nelli</strong></span> <span class='ocrx_word' id='word_1_97' title='bbox 403 1176 526 1221; x_wconf 79' lang='lat' dir='ltr'><strong>catal.</strong></span> <span class='ocrx_word' id='word_1_98' title='bbox 551 1191 652 1235; x_wconf 81' lang='lat' dir='ltr'><strong>pag.</strong></span> <span class='ocrx_word' id='word_1_99' title='bbox 684 1189 780 1234; x_wconf 82' lang='lat'><strong>234</strong></span> <span class='ocrx_word' id='word_1_100' title='bbox 801 1174 892 1230; x_wconf 90' lang='lat' dir='ltr'><strong>(vbi</strong></span> <span class='ocrx_word' id='word_1_101' title='bbox 912 1192 952 1221; x_wconf 79' lang='lat' dir='ltr'><strong>v.</strong></span> <span class='ocrx_word' id='word_1_102' title='bbox 974 1183 1071 1221; x_wconf 86' lang='lat' dir='ltr'><strong>not.</strong></span> <span class='ocrx_word' id='word_1_103' title='bbox 1094 1174 1146 1220; x_wconf 85' lang='lat' dir='ltr'><strong>cl.</strong></span> <span class='ocrx_word' id='word_1_104' title='bbox 1171 1171 1390 1232; x_wconf 80' lang='lat' dir='ltr'><strong>Nlorelli‚)</strong></span> <span class='ocrx_word' id='word_1_105' title='bbox 1426 1175 1535 1222; x_wconf 75' lang='lat' dir='ltr'><strong>citat</strong></span> 
     </span>
     <span class='ocr_line' id='line_1_15' title="bbox 275 1239 1532 1298; baseline -0.006 -9"><span class='ocrx_word' id='word_1_106' title='bbox 275 1246 381 1289; x_wconf 83' lang='lat' dir='ltr'><strong>edit.</strong></span> <span class='ocrx_word' id='word_1_107' title='bbox 409 1245 516 1288; x_wconf 84' lang='lat' dir='ltr'><strong>saec.</strong></span> <span class='ocrx_word' id='word_1_108' title='bbox 546 1244 643 1288; x_wconf 82' lang='lat' dir='ltr'><strong>XV.</strong></span> <span class='ocrx_word' id='word_1_109' title='bbox 679 1240 767 1286; x_wconf 87' lang='lat' dir='ltr'><strong>fine</strong></span> <span class='ocrx_word' id='word_1_110' title='bbox 801 1242 886 1287; x_wconf 85' lang='lat' dir='ltr'><strong>vlla</strong></span> <span class='ocrx_word' id='word_1_111' title='bbox 917 1251 1050 1295; x_wconf 82' lang='lat' dir='ltr'><strong>nota,</strong></span> <span class='ocrx_word' id='word_1_112' title='bbox 1099 1241 1322 1287; x_wconf 81' lang='lat' dir='ltr'><strong>Plutarchi</strong></span> <span class='ocrx_word' id='word_1_113' title='bbox 1363 1239 1532 1298; x_wconf 82' lang='lat' dir='ltr'><strong>apoph-</strong></span> 
     </span>
     <span class='ocr_line' id='line_1_16' title="bbox 273 1304 1534 1372; baseline -0.005 -17"><span class='ocrx_word' id='word_1_114' title='bbox 273 1313 502 1372; x_wconf 78' lang='lat' dir='ltr'><strong>thegmata</strong></span> <span class='ocrx_word' id='word_1_115' title='bbox 530 1325 690 1369; x_wconf 84' lang='lat' dir='ltr'><strong>regum</strong></span> <span class='ocrx_word' id='word_1_116' title='bbox 725 1318 858 1367; x_wconf 82' lang='lat' dir='ltr'><strong>atque</strong></span> <span class='ocrx_word' id='word_1_117' title='bbox 891 1311 1213 1369; x_wconf 70' lang='lat' dir='ltr'><strong>imperatorum</strong></span> <span class='ocrx_word' id='word_1_118' title='bbox 1269 1317 1316 1351; x_wconf 85' lang='lat' dir='ltr'><strong>et</strong></span> <span class='ocrx_word' id='word_1_119' title='bbox 1363 1304 1534 1363; x_wconf 86' lang='lat' dir='ltr'><strong>apoph-</strong></span> 
     </span>
    </p>
   </div>
   <div class='ocr_carea' id='block_1_3' title="bbox 192 1374 1532 1438">
    <p class='ocr_par' dir='ltr' id='par_1_3' title="bbox 192 1374 1532 1438">
     <span class='ocr_line' id='line_1_17' title="bbox 192 1374 1532 1438; baseline -0.005 -14"><span class='ocrx_word' id='word_1_120' title='bbox 192 1406 195 1409; x_wconf 94' lang='lat'><em>-</em></span> <span class='ocrx_word' id='word_1_121' title='bbox 274 1379 449 1438; x_wconf 81' lang='lat' dir='ltr'><strong>thegm.</strong></span> <span class='ocrx_word' id='word_1_122' title='bbox 473 1377 668 1421; x_wconf 82' lang='lat' dir='ltr'><strong>laconica</strong></span> <span class='ocrx_word' id='word_1_123' title='bbox 691 1392 713 1420; x_wconf 86' lang='lat' dir='ltr'>a</span> <span class='ocrx_word' id='word_1_124' title='bbox 733 1380 883 1420; x_wconf 82' lang='lat' dir='ltr'><strong>Franc.</strong></span> <span class='ocrx_word' id='word_1_125' title='bbox 911 1376 1141 1432; x_wconf 79' lang='lat' dir='ltr'><strong>Philalpho</strong></span> <span class='ocrx_word' id='word_1_126' title='bbox 1176 1375 1250 1419; x_wconf 86' lang='lat' dir='ltr'><strong>lat.</strong></span> <span class='ocrx_word' id='word_1_127' title='bbox 1265 1374 1442 1418; x_wconf 86' lang='lat' dir='ltr'><strong>reddita</strong></span> <span class='ocrx_word' id='word_1_128' title='bbox 1465 1396 1532 1406; x_wconf 89' lang='lat'><strong>·—</strong></span> 
     </span>
    </p>
   </div>
   <div class='ocr_carea' id='block_1_4' title="bbox 275 1443 1604 2625">
    <p class='ocr_par' dir='ltr' id='par_1_4' title="bbox 275 1443 1604 2576">
     <span class='ocr_line' id='line_1_18' title="bbox 276 1443 1569 1502; baseline -0.004 -12"><span class='ocrx_word' id='word_1_129' title='bbox 276 1447 389 1490; x_wconf 85' lang='lat' dir='ltr'><strong>adde</strong></span> <span class='ocrx_word' id='word_1_130' title='bbox 412 1444 516 1488; x_wconf 86' lang='lat' dir='ltr'><strong>bibl.</strong></span> <span class='ocrx_word' id='word_1_131' title='bbox 543 1443 700 1488; x_wconf 85' lang='lat' dir='ltr'><strong>Smith.</strong></span> <span class='ocrx_word' id='word_1_132' title='bbox 725 1458 769 1500; x_wconf 75' lang='lat' dir='ltr'><strong>p.</strong></span> <span class='ocrx_word' id='word_1_133' title='bbox 801 1454 892 1502; x_wconf 82' lang='lat'><strong>379</strong></span> <span class='ocrx_word' id='word_1_134' title='bbox 922 1451 969 1487; x_wconf 89' lang='lat' dir='ltr'><strong>et</strong></span> <span class='ocrx_word' id='word_1_135' title='bbox 991 1450 1102 1500; x_wconf 81' lang='lat' dir='ltr'><strong>part.</strong></span> <span class='ocrx_word' id='word_1_136' title='bbox 1125 1443 1181 1485; x_wconf 83' lang='lat'><strong>11.</strong></span> <span class='ocrx_word' id='word_1_137' title='bbox 1214 1457 1315 1501; x_wconf 58' lang='lat' dir='ltr'><strong>pag·</strong></span> <span class='ocrx_word' id='word_1_138' title='bbox 1338 1455 1432 1500; x_wconf 67' lang='lat'><strong>⁴53.</strong></span> <span class='ocrx_word' id='word_1_139' title='bbox 1467 1462 1535 1473; x_wconf 89' lang='lat'><strong>--</strong></span> <span class='ocrx_word' id='word_1_140' title='bbox 1566 1450 1569 1455; x_wconf 83' lang='lat'>&#39;</span> 
     </span>
     <span class='ocr_line' id='line_1_19' title="bbox 275 1508 1538 1569; baseline -0.003 -13"><span class='ocrx_word' id='word_1_141' title='bbox 275 1508 495 1557; x_wconf 76' lang='lat' dir='ltr'><em>Plutarch.</em></span> <span class='ocrx_word' id='word_1_142' title='bbox 525 1514 690 1556; x_wconf 86' lang='lat' dir='ltr'><strong>Romae</strong></span> <span class='ocrx_word' id='word_1_143' title='bbox 712 1511 827 1567; x_wconf 80' lang='lat' dir='ltr'>apud</span> <span class='ocrx_word' id='word_1_144' title='bbox 851 1512 998 1556; x_wconf 51' lang='lat' dir='ltr'><strong>Conr-</strong></span> <span class='ocrx_word' id='word_1_145' title='bbox 1014 1509 1354 1569; x_wconf 84' lang='lat' dir='ltr'><strong>Schweynheim</strong></span> <span class='ocrx_word' id='word_1_146' title='bbox 1369 1511 1538 1553; x_wconf 77' lang='lat' dir='ltr'><strong>etArn·</strong></span> 
     </span>
     <span class='ocr_line' id='line_1_20' title="bbox 275 1576 1537 1637; baseline -0.004 -12"><span class='ocrx_word' id='word_1_147' title='bbox 275 1583 450 1626; x_wconf 85' lang='lat' dir='ltr'><strong>Panart.</strong></span> <span class='ocrx_word' id='word_1_148' title='bbox 489 1594 543 1622; x_wconf 84' lang='lat' dir='ltr'><strong>ex</strong></span> <span class='ocrx_word' id='word_1_149' title='bbox 581 1579 898 1637; x_wconf 80' lang='lat' dir='ltr'><strong>recognitione</strong></span> <span class='ocrx_word' id='word_1_150' title='bbox 937 1576 1002 1619; x_wconf 89' lang='lat' dir='ltr'><strong>Io.</strong></span> <span class='ocrx_word' id='word_1_151' title='bbox 1048 1577 1268 1619; x_wconf 73' lang='lat' dir='ltr'><strong>Andreae.</strong></span> <span class='ocrx_word' id='word_1_152' title='bbox 1324 1589 1442 1634; x_wconf 82' lang='lat'><em>1473</em></span> <span class='ocrx_word' id='word_1_153' title='bbox 1494 1590 1537 1621; x_wconf 76' lang='lat' dir='ltr'><strong>V.</strong></span> 
     </span>
     <span class='ocr_line' id='line_1_21' title="bbox 278 1642 1537 1703; baseline -0.003 -13"><span class='ocrx_word' id='word_1_154' title='bbox 278 1642 517 1701; x_wconf 76' lang='lat' dir='ltr'><strong>Aua&#39;zffi·ed.</strong></span> <span class='ocrx_word' id='word_1_155' title='bbox 548 1644 577 1689; x_wconf 90' lang='grc'><strong>1.</strong></span> <span class='ocrx_word' id='word_1_156' title='bbox 612 1661 647 1690; x_wconf 91' lang='lat' dir='ltr'><strong>c.</strong></span> <span class='ocrx_word' id='word_1_157' title='bbox 681 1659 780 1703; x_wconf 83' lang='lat' dir='ltr'><strong>pag.</strong></span> <span class='ocrx_word' id='word_1_158' title='bbox 822 1658 928 1702; x_wconf 85' lang='lat'>130.</span> <span class='ocrx_word' id='word_1_159' title='bbox 961 1644 1036 1700; x_wconf 85' lang='lat' dir='ltr'><strong>qui</strong></span> <span class='ocrx_word' id='word_1_160' title='bbox 1067 1658 1170 1702; x_wconf 81' lang='lat' dir='ltr'><strong>pag.</strong></span> <span class='ocrx_word' id='word_1_161' title='bbox 1205 1657 1296 1700; x_wconf 84' lang='lat'><strong>240</strong></span> <span class='ocrx_word' id='word_1_162' title='bbox 1331 1643 1537 1694; x_wconf 85' lang='lat' dir='ltr'><strong>adnotat,</strong></span> 
     </span>
     <span class='ocr_line' id='line_1_22' title="bbox 277 1709 1538 1770; baseline -0.006 -11"><span class='ocrx_word' id='word_1_163' title='bbox 277 1716 404 1759; x_wconf 87' lang='lat' dir='ltr'><strong>Laire</strong></span> <span class='ocrx_word' id='word_1_164' title='bbox 428 1714 535 1770; x_wconf 56' lang='lat' dir='ltr'><strong>edit,</strong></span> <span class='ocrx_word' id='word_1_165' title='bbox 556 1714 738 1763; x_wconf 79' lang='lat' dir='ltr'><strong>Romae,</strong></span> <span class='ocrx_word' id='word_1_166' title='bbox 762 1725 802 1757; x_wconf 79' lang='lat' dir='ltr'><strong>a.</strong></span> <span class='ocrx_word' id='word_1_167' title='bbox 832 1715 948 1768; x_wconf 83' lang='lat'>1480</span> <span class='ocrx_word' id='word_1_168' title='bbox 975 1709 1078 1754; x_wconf 85' lang='lat' dir='ltr'><strong>falso</strong></span> <span class='ocrx_word' id='word_1_169' title='bbox 1103 1725 1368 1761; x_wconf 82' lang='lat' dir='ltr'><strong>memorare,</strong></span> <span class='ocrx_word' id='word_1_170' title='bbox 1399 1723 1538 1766; x_wconf 86' lang='lat' dir='ltr'><strong>quum</strong></span> 
     </span>
     <span class='ocr_line' id='line_1_23' title="bbox 279 1775 1540 1836; baseline -0.005 -10"><span class='ocrx_word' id='word_1_171' title='bbox 279 1781 353 1826; x_wconf 82' lang='lat' dir='ltr'><strong>illa</strong></span> <span class='ocrx_word' id='word_1_172' title='bbox 381 1779 437 1825; x_wconf 78' lang='lat' dir='ltr'><strong>fit</strong></span> <span class='ocrx_word' id='word_1_173' title='bbox 473 1780 541 1823; x_wconf 89' lang='lat' dir='ltr'><strong>ed.</strong></span> <span class='ocrx_word' id='word_1_174' title='bbox 580 1780 785 1836; x_wconf 84' lang='lat' dir='ltr'><strong>princeps</strong></span> <span class='ocrx_word' id='word_1_175' title='bbox 825 1779 924 1821; x_wconf 80' lang='lat' dir='ltr'><strong>circ.</strong></span> <span class='ocrx_word' id='word_1_176' title='bbox 963 1793 1003 1822; x_wconf 81' lang='lat' dir='ltr'><strong>a.</strong></span> <span class='ocrx_word' id='word_1_177' title='bbox 1045 1791 1182 1835; x_wconf 83' lang='lat'><em>1470.</em></span> <span class='ocrx_word' id='word_1_178' title='bbox 1217 1801 1283 1810; x_wconf 90' lang='lat'><strong>·--</strong></span> <span class='ocrx_word' id='word_1_179' title='bbox 1317 1775 1540 1821; x_wconf 79' lang='lat' dir='ltr'><strong>Plutarchi</strong></span> 
     </span>
     <span class='ocr_line' id='line_1_24' title="bbox 281 1843 1539 1906; baseline -0.006 -14"><span class='ocrx_word' id='word_1_180' title='bbox 281 1847 604 1906; x_wconf 69' lang='lat' dir='ltr'><strong>apophthegm.</strong></span> <span class='ocrx_word' id='word_1_181' title='bbox 633 1861 657 1889; x_wconf 90' lang='lat' dir='ltr'><strong>e</strong></span> <span class='ocrx_word' id='word_1_182' title='bbox 680 1860 842 1905; x_wconf 79' lang='lat' dir='ltr'><strong>graeco</strong></span> <span class='ocrx_word' id='word_1_183' title='bbox 863 1847 909 1888; x_wconf 87' lang='lat' dir='ltr'><strong>in</strong></span> <span class='ocrx_word' id='word_1_184' title='bbox 930 1844 1116 1889; x_wconf 80' lang='lat' dir='ltr'><strong>latinum</strong></span> <span class='ocrx_word' id='word_1_185' title='bbox 1140 1843 1383 1889; x_wconf 79' lang='lat' dir='ltr'><strong>translataa</strong></span> <span class='ocrx_word' id='word_1_186' title='bbox 1403 1843 1539 1885; x_wconf 81' lang='lat' dir='ltr'><strong>Fran-</strong></span> 
     </span>
     <span class='ocr_line' id='line_1_25' title="bbox 281 1910 1546 1975; baseline 0 -17"><span class='ocrx_word' id='word_1_187' title='bbox 281 1912 384 1974; x_wconf 70' lang='lat' dir='ltr'><strong>czfio</strong></span> <span class='ocrx_word' id='word_1_188' title='bbox 399 1910 628 1975; x_wconf 73' lang='lat' dir='ltr'><strong>Philelpho,</strong></span> <span class='ocrx_word' id='word_1_189' title='bbox 662 1915 822 1959; x_wconf 88' lang='lat' dir='ltr'><strong>Venet.</strong></span> <span class='ocrx_word' id='word_1_190' title='bbox 834 1928 915 1970; x_wconf 79' lang='lat' dir='ltr'><strong>per</strong></span> <span class='ocrx_word' id='word_1_191' title='bbox 929 1910 1152 1956; x_wconf 86' lang='lat' dir='ltr'><strong>Vindelin.</strong></span> <span class='ocrx_word' id='word_1_192' title='bbox 1167 1914 1223 1957; x_wconf 85' lang='lat' dir='ltr'><strong>de</strong></span> <span class='ocrx_word' id='word_1_193' title='bbox 1238 1914 1374 1970; x_wconf 84' lang='lat' dir='ltr'><strong>Spira.</strong></span> <span class='ocrx_word' id='word_1_194' title='bbox 1396 1925 1484 1969; x_wconf 86' lang='lat'><strong>147</strong></span> <span class='ocrx_word' id='word_1_195' title='bbox 1498 1925 1513 1954; x_wconf 83' lang='lat'>1</span> <span class='ocrx_word' id='word_1_196' title='bbox 1530 1942 1546 1959; x_wconf 79' lang='grc'><strong>.</strong></span> 
     </span>
     <span class='ocr_line' id='line_1_26' title="bbox 282 1978 1541 2040; baseline 0 -14"><span class='ocrx_word' id='word_1_197' title='bbox 282 1998 330 2040; x_wconf 90' lang='lat'><strong>4.</strong></span> <span class='ocrx_word' id='word_1_198' title='bbox 366 1999 407 2026; x_wconf 80' lang='lat' dir='ltr'><strong>v.</strong></span> <span class='ocrx_word' id='word_1_199' title='bbox 444 1985 515 2026; x_wconf 89' lang='lat' dir='ltr'><strong>Du</strong></span> <span class='ocrx_word' id='word_1_200' title='bbox 553 1984 666 2025; x_wconf 82' lang='lat' dir='ltr'><strong>Bure</strong></span> <span class='ocrx_word' id='word_1_201' title='bbox 701 1979 835 2025; x_wconf 77' lang='lat' dir='ltr'><strong>Catal.</strong></span> <span class='ocrx_word' id='word_1_202' title='bbox 875 1978 980 2025; x_wconf 72' lang='lat' dir='ltr'><strong>bibl.</strong></span> <span class='ocrx_word' id='word_1_203' title='bbox 1014 1978 1176 2026; x_wconf 82' lang='lat' dir='ltr'><strong>Valler.</strong></span> <span class='ocrx_word' id='word_1_204' title='bbox 1209 1987 1323 2026; x_wconf 86' lang='lat' dir='ltr'><strong>tom.</strong></span> <span class='ocrx_word' id='word_1_205' title='bbox 1355 1981 1409 2025; x_wconf 87' lang='grc' dir='ltr'><strong>ΙΙ.</strong></span> <span class='ocrx_word' id='word_1_206' title='bbox 1439 1994 1541 2039; x_wconf 78' lang='lat' dir='ltr'><strong>pag.</strong></span> 
     </span>
     <span class='ocr_line' id='line_1_27' title="bbox 285 2047 1540 2101; baseline -0.003 -7"><span class='ocrx_word' id='word_1_207' title='bbox 285 2051 377 2101; x_wconf 88' lang='lat'><strong>681</strong></span> <span class='ocrx_word' id='word_1_208' title='bbox 419 2075 498 2083; x_wconf 32' lang='lat' dir='ltr'><strong>-v</strong></span> <span class='ocrx_word' id='word_1_209' title='bbox 535 2048 647 2094; x_wconf 80' lang='lat' dir='ltr'><strong>Plut.</strong></span> <span class='ocrx_word' id='word_1_210' title='bbox 677 2047 790 2091; x_wconf 87' lang='lat' dir='ltr'><strong>liber</strong></span> <span class='ocrx_word' id='word_1_211' title='bbox 823 2048 878 2091; x_wconf 81' lang='lat' dir='ltr'><strong>de</strong></span> <span class='ocrx_word' id='word_1_212' title='bbox 909 2049 1147 2092; x_wconf 81' lang='lat' dir='ltr'><strong>virtutibus</strong></span> <span class='ocrx_word' id='word_1_213' title='bbox 1186 2047 1450 2099; x_wconf 83' lang='lat' dir='ltr'><strong>mulierum,</strong></span> <span class='ocrx_word' id='word_1_214' title='bbox 1485 2047 1540 2090; x_wconf 83' lang='lat' dir='ltr'><strong>ab</strong></span> 
     </span>
     <span class='ocr_line' id='line_1_28' title="bbox 281 2114 1543 2174; baseline -0.002 -14"><span class='ocrx_word' id='word_1_215' title='bbox 281 2117 490 2160; x_wconf 76' lang='lat' dir='ltr'><strong>Alamano</strong></span> <span class='ocrx_word' id='word_1_216' title='bbox 510 2116 758 2158; x_wconf 72' lang='lat' dir='ltr'><strong>Ranuzmno</strong></span> <span class='ocrx_word' id='word_1_217' title='bbox 790 2114 925 2160; x_wconf 85' lang='lat' dir='ltr'><strong>latine</strong></span> <span class='ocrx_word' id='word_1_218' title='bbox 958 2116 1158 2173; x_wconf 86' lang='lat' dir='ltr'><strong>reddita,</strong></span> <span class='ocrx_word' id='word_1_219' title='bbox 1190 2115 1380 2174; x_wconf 81' lang='lat' dir='ltr'><strong>Brixiae,</strong></span> <span class='ocrx_word' id='word_1_220' title='bbox 1411 2115 1543 2158; x_wconf 84' lang='lat' dir='ltr'><strong>Boni-</strong></span> 
     </span>
     <span class='ocr_line' id='line_1_29' title="bbox 284 2181 1540 2241; baseline -0.002 -14"><span class='ocrx_word' id='word_1_221' title='bbox 284 2200 366 2227; x_wconf 82' lang='lat' dir='ltr'><strong>nus</strong></span> <span class='ocrx_word' id='word_1_222' title='bbox 389 2185 445 2227; x_wconf 90' lang='lat' dir='ltr'><strong>de</strong></span> <span class='ocrx_word' id='word_1_223' title='bbox 470 2185 667 2241; x_wconf 85' lang='lat' dir='ltr'><strong>Boninis,</strong></span> <span class='ocrx_word' id='word_1_224' title='bbox 708 2188 846 2240; x_wconf 80' lang='lat'>1485.</span> <span class='ocrx_word' id='word_1_225' title='bbox 868 2198 902 2240; x_wconf 86' lang='lat'>4</span> <span class='ocrx_word' id='word_1_226' title='bbox 923 2207 991 2217; x_wconf 90' lang='grc'><strong>-</strong></span> <span class='ocrx_word' id='word_1_227' title='bbox 1019 2184 1074 2227; x_wconf 91' lang='lat' dir='ltr'><strong>de</strong></span> <span class='ocrx_word' id='word_1_228' title='bbox 1100 2185 1306 2227; x_wconf 87' lang='lat' dir='ltr'><strong>breuibus</strong></span> <span class='ocrx_word' id='word_1_229' title='bbox 1320 2181 1540 2226; x_wconf 81' lang='lat' dir='ltr'><strong>clarorum</strong></span> 
     </span>
     <span class='ocr_line' id='line_1_30' title="bbox 284 2245 1541 2307; baseline -0.005 -11"><span class='ocrx_word' id='word_1_230' title='bbox 284 2252 648 2296; x_wconf 81' lang='lat' dir='ltr'><strong>hominuminter</strong></span> <span class='ocrx_word' id='word_1_231' title='bbox 662 2248 1111 2307; x_wconf 53' lang='lat' dir='ltr'><strong>sff‘contentionibUS,</strong></span> <span class='ocrx_word' id='word_1_232' title='bbox 1143 2249 1278 2295; x_wconf 88' lang='lat' dir='ltr'><strong>latine</strong></span> <span class='ocrx_word' id='word_1_233' title='bbox 1299 2264 1353 2292; x_wconf 81' lang='lat' dir='ltr'><strong>ex</strong></span> <span class='ocrx_word' id='word_1_234' title='bbox 1377 2245 1541 2292; x_wconf 87' lang='lat' dir='ltr'><strong>versio-</strong></span> 
     </span>
     <span class='ocr_line' id='line_1_31' title="bbox 287 2315 1541 2370; baseline -0.004 -8"><span class='ocrx_word' id='word_1_235' title='bbox 287 2335 345 2362; x_wconf 86' lang='lat' dir='ltr'><strong>ne</strong></span> <span class='ocrx_word' id='word_1_236' title='bbox 381 2319 566 2360; x_wconf 76' lang='lat' dir='ltr'><strong>Guarim&#39;</strong></span> <span class='ocrx_word' id='word_1_237' title='bbox 585 2316 870 2363; x_wconf 76' lang='lat' dir='ltr'><strong>Veronenfis.</strong></span> <span class='ocrx_word' id='word_1_238' title='bbox 906 2319 1096 2370; x_wconf 80' lang='lat' dir='ltr'><strong>Brixiae,</strong></span> <span class='ocrx_word' id='word_1_239' title='bbox 1131 2319 1287 2361; x_wconf 87' lang='lat' dir='ltr'><strong>Bonin.</strong></span> <span class='ocrx_word' id='word_1_240' title='bbox 1319 2317 1375 2359; x_wconf 83' lang='lat' dir='ltr'><strong>de</strong></span> <span class='ocrx_word' id='word_1_241' title='bbox 1408 2315 1541 2358; x_wconf 85' lang='lat' dir='ltr'><strong>Boni-</strong></span> 
     </span>
     <span class='ocr_line' id='line_1_32' title="bbox 288 2380 1542 2444; baseline -0.002 -16"><span class='ocrx_word' id='word_1_242' title='bbox 288 2387 368 2428; x_wconf 77' lang='lat' dir='ltr'><strong>nis.</strong></span> <span class='ocrx_word' id='word_1_243' title='bbox 401 2392 539 2441; x_wconf 76' lang='lat'>1435.</span> <span class='ocrx_word' id='word_1_244' title='bbox 565 2399 599 2442; x_wconf 90' lang='lat'>4</span> <span class='ocrx_word' id='word_1_245' title='bbox 623 2401 662 2427; x_wconf 87' lang='lat' dir='ltr'><strong>v.</strong></span> <span class='ocrx_word' id='word_1_246' title='bbox 689 2384 840 2429; x_wconf 81' lang='lat' dir='ltr'><strong>Pinell.</strong></span> <span class='ocrx_word' id='word_1_247' title='bbox 864 2382 893 2431; x_wconf 92' lang='lat' dir='ltr'><strong>l.</strong></span> <span class='ocrx_word' id='word_1_248' title='bbox 919 2400 958 2431; x_wconf 68' lang='lat' dir='ltr'><strong>c.</strong></span> <span class='ocrx_word' id='word_1_249' title='bbox 992 2400 1095 2444; x_wconf 84' lang='lat' dir='ltr'><strong>pag.</strong></span> <span class='ocrx_word' id='word_1_250' title='bbox 1115 2397 1208 2443; x_wconf 83' lang='lat'><strong>237</strong></span> <span class='ocrx_word' id='word_1_251' title='bbox 1247 2409 1306 2417; x_wconf 88' lang='lat'><em>-</em></span> <span class='ocrx_word' id='word_1_252' title='bbox 1342 2380 1456 2424; x_wconf 80' lang='lat' dir='ltr'><strong>Plut.</strong></span> <span class='ocrx_word' id='word_1_253' title='bbox 1484 2383 1542 2425; x_wconf 80' lang='lat' dir='ltr'><strong>de</strong></span> 
     </span>
     <span class='ocr_line' id='line_1_33' title="bbox 288 2449 1542 2507; baseline -0.002 -12"><span class='ocrx_word' id='word_1_254' title='bbox 288 2449 543 2496; x_wconf 85' lang='lat' dir='ltr'><strong>differentia</strong></span> <span class='ocrx_word' id='word_1_255' title='bbox 586 2453 680 2495; x_wconf 85' lang='lat' dir='ltr'><strong>veri</strong></span> <span class='ocrx_word' id='word_1_256' title='bbox 724 2453 849 2495; x_wconf 78' lang='lat' dir='ltr'><strong>amici</strong></span> <span class='ocrx_word' id='word_1_257' title='bbox 893 2461 940 2496; x_wconf 89' lang='lat' dir='ltr'><strong>et</strong></span> <span class='ocrx_word' id='word_1_258' title='bbox 984 2449 1249 2505; x_wconf 77' lang='lat' dir='ltr'><strong>adulatoris,</strong></span> <span class='ocrx_word' id='word_1_259' title='bbox 1292 2452 1542 2507; x_wconf 78' lang='lat' dir='ltr'><strong>interprete</strong></span> 
     </span>
     <span class='ocr_line' id='line_1_34' title="bbox 290 2513 1604 2576; baseline -0.004 -13"><span class='ocrx_word' id='word_1_260' title='bbox 290 2519 478 2563; x_wconf 82' lang='lat' dir='ltr'><strong>Guarino</strong></span> <span class='ocrx_word' id='word_1_261' title='bbox 518 2518 759 2575; x_wconf 74' lang='lat' dir='ltr'><strong>Veronenz,</strong></span> <span class='ocrx_word' id='word_1_262' title='bbox 807 2533 852 2576; x_wconf 88' lang='lat'><strong>4.</strong></span> <span class='ocrx_word' id='word_1_263' title='bbox 887 2516 975 2562; x_wconf 78' lang='lat' dir='ltr'><strong>sine</strong></span> <span class='ocrx_word' id='word_1_264' title='bbox 1016 2519 1119 2562; x_wconf 85' lang='lat' dir='ltr'><strong>anni</strong></span> <span class='ocrx_word' id='word_1_265' title='bbox 1149 2530 1198 2564; x_wconf 84' lang='lat' dir='ltr'><strong>et</strong></span> <span class='ocrx_word' id='word_1_266' title='bbox 1223 2519 1312 2563; x_wconf 88' lang='lat' dir='ltr'><strong>loci</strong></span> <span class='ocrx_word' id='word_1_267' title='bbox 1345 2526 1465 2561; x_wconf 88' lang='lat' dir='ltr'><strong>nota.</strong></span> <span class='ocrx_word' id='word_1_268' title='bbox 1501 2531 1544 2559; x_wconf 88' lang='lat' dir='ltr'><strong>v.</strong></span> <span class='ocrx_word' id='word_1_269' title='bbox 1593 2513 1604 2524; x_wconf 67' lang='lat'>⁵</span> 
     </span>
    </p>

    <p class='ocr_par' dir='ltr' id='par_1_5' title="bbox 1408 2583 1542 2625">
     <span class='ocr_line' id='line_1_35' title="bbox 1408 2583 1542 2625; baseline -0.015 0"><span class='ocrx_word' id='word_1_270' title='bbox 1408 2583 1542 2625; x_wconf 81' lang='lat' dir='ltr'><strong>Denis</strong></span> 
     </span>
    </p>
   </div>
   <div class='ocr_carea' id='block_1_5' title="bbox 1698 0 1727 3005">
    <p class='ocr_par' dir='ltr' id='par_1_6' title="bbox 1698 0 1727 3005">
     <span class='ocr_line' id='line_1_36' title="bbox 1698 0 1727 3005; baseline 0 0"><span class='ocrx_word' id='word_1_271' title='bbox 1698 0 1727 3005; x_wconf 95' lang='lat' dir='ltr'><strong> </strong></span> 
     </span>
    </p>
   </div>
  </div>
 </body>
</html>
