1727 3005
708 261 891 310 PHILO.
1362 271 1429 323 29

175 389 247 447 se,
283 396 331 438 et
353 403 453 436 cum
473 385 736 450 Iosepho'ac
760 389 974 436 Suetonio
1007 391 1310 446 comparatum
1335 382 1430 443 ple-

173 474 364 518 rumque
384 474 559 504 merere
582 458 733 513 fidem,
772 458 942 516 aliaque
962 459 1008 501 in
1039 454 1226 501 historiis
1264 454 1430 498 habere

174 530 348 573 merita.
384 553 442 561 —
470 526 636 570 Samuel
656 524 838 569 Crellius
867 528 911 569 in
935 523 1094 570 litteris
1117 524 1171 568 ad
1205 522 1431 576 Crozi'um,

174 596 222 639 in
261 594 470 640 thesauro
507 593 735 652 epistolico
769 594 981 639 La-Croz.
1017 600 1128 637 tom.
1164 605 1200 637 1.
1225 605 1326 650 pag.
1353 602 1434 648 97.

176 663 268 721 sqq.
291 661 455 707 multus
479 661 539 705 est
561 663 617 706 de
638 660 851 705 Philone:
888 675 1022 719 quem
1056 657 1347 705 Christianum
1371 660 1434 710 fa-

177 730 296 774 stum
309 738 383 774 aut
395 727 899 787 crypto-Christianum,
946 732 1017 779 <vt
1042 729 1101 771 ita
1114 728 1292 779 dicam‚)
1333 724 1437 770 fuis-

175 797 247 847 se,
283 796 435 842 saltem
456 797 514 840 de
546 795 642 840 Iesu
682 793 934 846 Nazareno,
980 802 1056 838 aut
1082 803 1205 838 certe
1229 795 1285 838 de
1308 795 1438 837 Ioan-

112 870 124 877 “
176 879 235 909 ne
257 863 439 922 Baptista
467 863 811 921 Christianisque
848 860 1282 921 Hierosolymitanis‚
1318 862 1439 905 bona

176 931 250 978 sua
273 934 319 976 in
341 946 580 976 commune
602 930 937 975 conferentibus
953 961 967 984 ‚
1002 931 1117 973 be'ne
1153 924 1338 981 senfill'e,
1359 929 1438 972 de-

167 994 498 1044 -monstra'turus
522 997 584 1043 est
609 1013 664 1043 ex
685 997 871 1043 Philone
907 998 964 1042 de
997 997 1266 1056 migratione
1300 997 1439 1040 Abra-

176 1065 322 1126 hami,
357 1067 427 1111 ed.
448 1069 649 1111 Francos.
677 1081 777 1127 pag.
798 1079 913 1124 407.
936 1067 980 1111 Β.
1000 1063 1101 1110 coll.
1135 1063 1251 1107 libro
1277 1063 1334 1107 de
1347 1063 1438 1108 vita

176 1133 552 1192 contemplatiua:
609 1143 708 1180 tum
730 1148 786 1178 ex
809 1133 926 1177 libro
951 1133 1007 1176 de
1029 1132 1233 1189 praemiis
1254 1139 1303 1175 et
1328 1145 1440 1188 poe-

178 1203 246 1248 nis
268 1217 369 1263 pag.
395 1215 507 1261 923.
530 1199 588 1245 D.
614 1203 662 1245 E.
687 1201 762 1245 vbi
784 1198 912 1245 Philo
928 1199 1152 1243 historiam
1165 1198 1257 1244 Aer.
1281 1200 1333 1242 ΙΙ.
1356 1211 1441 1257 43,

178 1283 262 1327 44,
294 1283 375 1326 45,
405 1268 486 1326 46.
509 1270 583 1313 IV.
612 1282 700 1329 32·
720 1281 796 1329 35.
831 1269 886 1314 V.
907 1283 944 1312 1.
979 1276 1063 1313 etc.
1097 1267 1174 1312 VI.
1214 1279 1244 1308 1.
1275 1265 1441 1310 descri-

181 1344 305 1393 ptam
318 1335 445 1392 plane
460 1335 683 1393 respicere
694 1337 872 1381 videtur
885 1335 1065 1382 Crellio.
1077 1336 1319 1380 Enimuero
1333 1347 1442 1378 num

179 1400 309 1447 Philo
346 1401 484 1446 libros
530 1405 586 1447 N.
620 1404 676 1446 Τ.
714 1403 857 1447 sacros
904 1404 1069 1449 viderit
1113 1412 1190 1448 aut
1256 1400 1443 1462 legerit,

181 1471 371 1514 omnino
385 1469 570 1512 dubium
581 1468 658 1513 est.
694 1471 833 1514 Porro
854 1469 1068 1522 Crellius‚
1103 1478 1152 1515 vt
1177 1470 1446 1514 sententiam

182 1536 304 1581 suam
323 1537 380 1580 de
407 1534 582 1580 Christo
608 1534 833 1590 firmaret,
867 1538 1210 1590 animaduertit,
1256 1544 1333 1581 aut
1364 1551 1447 1593 po-

181 1605 270 1648 tius
291 1601 500 1659 opinatus
523 1600 608 1654 est,
639 1601 872 1646 Philonem
884 1603 1021 1648 multa
1045 1605 1229 1660 quidem
1241 1604 1297 1647 de
1316 1606 1446 1662 Logo

181 1670 258 1714 dei
281 1669 470 1719 habere3
520 1668 597 1712 sed
632 1670 796 1727 Logon
826 1668 945 1713 hunc
981 1669 1213 1713 hominem
1246 1672 1447 1728 futurum

181 1745 260 1782 aut
281 1735 442 1780 fad’tum
459 1750 554 1780 non
589 1731 846 1786 credidisse,
903 1739 1075 1796 Logon
1102 1737 1295 1781 Philonis
1320 1735 1444 1782 fuisse

181 1820 208 1849 a
227 1800 316 1848 deo
338 1812 561 1857 creatum,
597 1803 804 1862 adeoque
827 1804 913 1848 deo
940 1813 1141 1849 creatore
1166 1803 1341 1850 infinite
1363 1807 1447 1848 mi·

183 1886 369 1923 norem3
399 1870 634 1916 Philonem
657 1873 822 1930 Logon
851 1872 1001 1925 suum,
1033 1873 1169 1917 deum
1204 1873 1446 1918 secundum

185 1949 235 1986 et
257 1940 481 1984 minorem
505 1954 558 1983 ex
580 1939 658 1983 suo
680 1937 866 1984 Platone
889 1937 1084 1998 hausisse,
1120 1950 1169 1986 et
1190 1956 1270 1998 per
1285 1943 1446 2000 Logon

183 2006 312 2060 illum
337 2006 447 2051 nihil
472 2006 614 2059 aliud,
655 2005 735 2050 nisi
757 2007 1071 2068 archangelum
1107 2010 1322 2065 primum,
1369 2018 1447 2054 aut

185 2073 398 2135 angelum
411 2072 536 2118 illum
559 2082 772 2129 creatum,
825 2074 1030 2136 angelum
1055 2072 1342 2129 notiffimum,
1369 2078 1445 2134 qui

185 2143 235 2187 in
258 2143 402 2186 veteri
426 2141 713 2187 Testamento
745 2144 931 2187 nomine
963 2144 1035 2187 dei
1070 2138 1354 2200 adparuiffet,
1401 2151 1450 2189 et

186 2205 556 2267 repraesentaffet
592 2209 754 2264 deum,
812 2211 887 2254 dei
920 2207 1065 2256 fuisset
1095 2213 1268 2271 imago,
1315 2210 1449 2255 intel-

188 2272 351 2322 loxiffe
420 2278 548 2321 Haec
572 2286 619 2321 et
641 2277 720 2321 alia
744 2286 900 2323 contra
922 2279 1187 2323 sententiam
1202 2276 1449 2338 theologo-

171 2359 305 2398 rum,
340 2345 417 2403 qui
438 2353 655 2390 vocantur
682 2344 943 2401 orthodoxi,
978 2361 1031 2389 ex
1052 2345 1237 2389 Philone
1258 2346 1314 2390 de
1325 2343 1450 2412 λόγῳ

192 2411 323 2469 paulo
342 2414 517 2457 vberius
545 2413 752 2470 disputat.
788 2436 854 2446 —
887 2415 925 2457 A
959 2407 1127 2456 Tiberio
1151 2399 1449 2470 Hemsterhufi‘o

193 2479 242 2522 in
262 2481 381 2524 notis
402 2480 457 2525 ad
480 2482 746 2535 Lucianum,
781 2479 871 2526 vol.
905 2493 940 2527 1.
970 2480 1095 2525 Philo
1130 2479 1305 2539 passim‚
1350 2496 1450 2542 pag.

200 2557 277 2604 55.
300 2562 339 2592 a.
369 2553 474 2603 108.
498 2549 543 2601 b.
573 2562 681 2610 310.
706 2549 752 2600 b.
774 2562 891 2610 453.
919 2549 961 2596 b.
988 2555 1099 2608 287.
1121 2564 1155 2597 a.
1185 2550 1450 2605 emendatur

1377 2625 1453 2661 aut
