1686 3025
302 228 741 278 PHILOSTRATVS
762 226 1034 285 LEMNJVS,
1079 230 1242 278 iunior.
1310 245 1405 294 217

148 364 195 401 et
227 357 596 414 Hippodromum
641 350 925 408 Lariffaeum,
967 352 1187 413 sophistas
1223 356 1407 403 audiuit.

145 423 375 483 Hesychio
397 433 445 470 et
466 425 595 470 Suida
615 423 793 467 testibus
815 431 957 468 artem
982 423 1306 470 orandidocuit
1319 426 1410 481 pri-

146 506 270 536 mum
296 491 498 544 Atheni5‚
533 502 631 537 tum
655 492 820 535 Romae
845 491 920 534 sub
942 492 1214 548 imperatore
1237 492 1408 537 Seuero

146 574 283 616 vsque
322 561 375 603 ad
414 558 691 617 Philippum,
728 559 802 615 qui
834 573 872 604 a.
905 559 989 603 Ch.
1028 571 1136 617 244.
1172 560 1410 617 imperium
1469 608 1471 616 χ

148 628 361 671 obtinuit.
431 625 469 669 A
498 625 604 671 Iulia
657 624 872 686 Augusta,
929 627 1214 684 Imperatoris
1256 628 1411 672 Seueri

149 696 378 752 coniuge,
448 694 568 738 inter
617 693 898 737 eruditorum
944 694 1143 737 virorum
1181 709 1413 749 coronam,

151 775 280 817 quam
307 758 378 804 illa
398 758 649 806 litterarum
671 756 808 805 cauffa
830 761 976 807 secum
1007 761 1210 821 quotidie
1239 762 1412 822 habuit,

151 827 341 871 adscitus
365 827 440 872 est.

256 893 478 938 Posterior
499 895 583 938 fuit
609 893 835 952 Lemnius,
863 894 1075 942 Nerbiani
1101 892 1229 941 filiusss
1267 897 1305 940 A
1329 896 1414 941 Ca-

147 959 302 1005 racalla
334 962 434 1004 circ.
481 963 533 1004 A.
557 962 610 1005 C.
637 973 728 1017 215
764 969 954 1017 propter
984 962 1236 1005 orationem
1261 978 1412 1020 quarn-

148 1029 249 1072 dam
289 1028 620 1075 immunitatem
658 1030 711 1072 ab
744 1029 1002 1074 muneribus
1047 1027 1233 1086 publicis
1270 1032 1416 1089 impe·

147 1096 301 1141 trauit.

258 1177 300 1222 3.
334 1159 457 1206 Prior
479 1161 646 1220 scripsit
683 1160 729 1220 1)
753 1158 861 1207 iuffu
882 1162 1015 1207 Iuliae
1030 1164 1334 1220 imperairiciS,
1355 1179 1410 1210 ex

149 1231 346 1275 Damidis
382 1227 652 1288 potissimum
703 1231 970 1288 Maximique
1016 1229 1244 1290 Aegienfis
1290 1247 1414 1277 com-

152 1299 394 1348 mentariis,
428 1296 639 1358 Apollonii
665 1297 892 1356 Tyanensts
912 1300 1052 1340 vitam
1079 1299 1195 1344 Libr.
1215 1298 1331 1344 VIII.
1363 1302 1412 1347 in

154 1367 309 1423 quibus
330 1363 611 1409 Philostratus
634 1366 782 1409 omnia
815 1363 1000 1424 collegit
1021 1366 1074 1410 ad
1097 1364 1413 1424 philosophum

151 1433 279 1479 suum
299 1429 484 1477 mirifice
508 1428 788 1478 efferendum
807 1439 941 1489 atque
964 1434 1229 1486 ornandum,
1247 1446 1414 1493 ‘parum

157 1514 327 1552 curans,
359 1514 466 1543 num
486 1514 588 1542 vera
613 1500 779 1543 fuerint
806 1513 892 1543 nec
924 1503 1012 1544 ne?
1049 1502 1169 1545 Hinc
1200 1499 1413 1560 pleraque

151 1558 314 1612 dicitur
347 1566 531 1609 absurde
553 1561 808 1608 confinxisse
827 1565 887 1622 *).
916 1565 1147 1622 Apollonii
1174 1570 1413 1626 praecipue

152 1630 358 1679 miracula
380 1631 598 1676 miraculis
622 1630 781 1676 Christi
804 1630 961 1675 callide
995 1641 1045 1677 et
1078 1634 1250 1689 spinose
1273 1651 1415 1693 oppo-

153 1698 230 1744 fita
251 1699 476 1743 videntur.
544 1696 755 1743 Huetioin
778 1696 1017 1762 demonstr.
1031 1714 1183 1759 euang.
1198 1717 1328 1759 prop.
1342 1706 1416 1752 ΙΧ.

157 1782 249 1824 cap,
283 1758 388 1823 147.
415 1774 463 1811 et
482 1764 644 1823 quaest.
669 1763 806 1809 Alnet
822 1780 918 1823 cap.
953 1760 1024 1817 18'.
1049 1769 1086 1819 §.
1107 1781 1153 1825 4.
1180 1783 1279 1828 pag.
1303 1783 1415 1829 249,

159 1828 397 1877 Trithemib
419 1834 466 1877 in
489 1831 610 1890 epist.
644 1830 723 1876 lib.
756 1834 810 1876 II.
845 1847 942 1892 pag.
980 1846 1071 1891 249
1109 1860 1170 1868 -
1204 1848 1310 1895 254.
1348 1839 1416 1881 iu.

157 1902 348 1954 dicanti,
388 1901 560 1952 omnia,
591 1915 702 1959 quae
728 1900 788 1943 ibi
822 1902 1078 1953 tradantur,
1116 1898 1202 1947 effe
1237 1906 1417 1951 mendas

157 1970 252 2028 cia,
295 1969 341 2011 in
374 1968 688 2025 praeiudicium
723 1966 978 2013 christianae
998 1967 1228 2029 religionis
1262 1970 1416 2028 effista,

157 2034 328 2079 Oleario
351 2036 398 2078 in
426 2038 560 2092 praef.
592 2031 815 2077 Moshemz'o
850 2036 905 2079 ad
938 2037 1207 2082 Cudworthi
1237 2038 1418 2095 systema

118 2138 123 2140 >
158 2101 304 2148 intell.
328 2117 419 2160 cap.
457 2103 532 2147 IV.
569 2100 606 2159 ᾗ.
648 2115 718 2159 15.
751 2109 865 2148 tom.
901 2105 933 2148 Ι.
967 2118 1065 2164 pag.
1103 2118 1212 2163 397.
1244 2106 1339 2164 sqq.
1371 2120 1420 2154 et

159 2178 271 2217 tom.
293 2172 346 2213 II.
369 2185 468 2230 pag.
494 2175 607 2226 778.
641 2168 734 2226 sqq.
770 2170 826 2213 de
856 2172 1030 2215 turbata
1063 2187 1144 2228 per
1166 2170 1418 2220 Platonicos

163 2235 354 2292 ecclefia‚
389 2235 594 2294 aliisque,
627 2236 680 2279 ad
711 2245 973 2296 argumenta
1010 2237 1359 2286 Christianorum
1393 2260 1418 2288 a

164 2304 383 2351 miraculis
415 2302 574 2353 Christi
602 2303 742 2350 sumta
783 2305 1027 2351 euertenda
1056 2308 1282 2362 videntur.
1356 2309 1419 2358 At

775 2370 814 2417 O
854 2385 879 2430 ς
1226 2374 1421 2422 Meincrs

218 2480 256 2533 ⁴¹)
285 2481 398 2520 Conf.
434 2484 550 2521 Thes.
577 2479 733 2532 ’epistoL
770 2481 998 2523 Laerozian.
1030 2492 1122 2524 tom.
1163 2490 1192 2526 1.
1214 2501 1300 2539 pag.
1323 2493 1419 2543 269.

276 2537 361 2599 sqq.
379 2544 472 2587 274.
493 2540 546 2587 sq.
566 2548 657 2589 277.
676 2541 728 2590 sq.
754 2546 847 2583 281.
884 2549 980 2590 29¹·
1007 2538 1187 2582 Bracker.
1220 2546 1304 2588 hist.
1336 2549 1420 2588 crit.

279 2596 418 2647 philos.
443 2599 603 2637 tom-11.
625 2608 711 2649 pag.
736 2606 826 2647 140.
850 2597 931 2651 sqq.
