1640 3030
560 308 663 357 1,Εο
695 307 769 359 VJ.
1189 312 1289 373 467

26 433 479 493 Porphyrogennetas
504 435 656 478 denuo
677 427 1046 479 emendareiuffit
1059 437 1107 477 et
1129 431 1176 477 in
1191 434 1285 483 LX.

5 500 166 585 libros
200 503 392 562 redegit.
463 501 564 546 Illae
598 517 708 546 vero
742 518 792 546 ex
814 504 1006 562 graecis,
1043 517 1152 559 quae
1175 512 1285 561 tune

5 569 293 626 existerunt,
329 571 778 627 interpretationibus
806 570 1153 622 Institutionum,
1178 571 1283 614 Pan-

4 636 284 690 (lectarum,
319 638 524 690 Codicis,
560 650 607 683 et
632 637 946 696 Nouellarum,
978 653 1031 681 ex
1052 651 1283 681 commen-

5 706 144 749 tariis
165 720 428 765 graecorum
454 706 661 755 ictorum,
688 721 740 748 ex
765 706 918 750 edictis
942 707 1286 762 imperatorum,

4 735 223 816 iconciliis
256 782 342 817 etc.
363 772 463 818 sunt
483 772 798 833 congestae.(V.
828 770 1076 830 Zepernick
1088 772 1192 817 sect.
1206 774 1286 819 111.

2 814 68 897 i§.
115 853 184 884 12.
217 855 315 899 pag.
357 843 468 892 286.
517 841 610 900 sqq.
643 852 691 885 et
728 857 753 897 p
797 852 904 895 294.
931 841 1028 898 sqq.
1054 841 1110 884 de
1134 850 1284 886 aetate

2 902 315 950 Nouellarum
359 909 562 962 Leonis.)
649 909 853 952 Necdum
897 922 1053 950 omnes
1094 906 1159 952 illi
1194 907 1288 954 LX.

2 970 124 1035 libri
139 989 297 1033 graece.
313 976 428 1031 typis
453 975 657 1030 exscripti
683 975 798 1018 sun't.
834 969 1059 1016 Fahrottus
1080 975 1284 1024 XXXXI.

1 1038 159 1087 libros
187 1035 433 1101 'inte-gros,
470 1040 667 1099 reliquos
700 1055 811 1084 vero
844 1056 897 1084 ex
932 1040 1108 1099 synopsi
1132 1040 1282 1085 Bafili-

2 1105 112 1155 ἐὦῐι
139 1116 226 1153 etc.
263 1110 369 1153 dein
401 1107 656 1151 Meermann
687 1107 786 1154 libr.
814 1102 905 1167 4³9,
944 1122 1035 1166 50,
1071 1122 1162 1166 51,
1203 1122 1285 1166 52.

1 1176 267 1221 ediderunt
287 1183 461 1234 graece.
531 1178 582 1219 In
597 1176 757 1220 MSStis
781 1174 923 1219 adhuc
943 1174 1086 1221 latent
1116 1190 1190 1232 19,
1218 1189 1275 1235 31

0 1245 161 1301 *vsque
195 1245 248 1286 ad
283 1258 366 1303 37,
400 1257 493 1303 43,
529 1256 622 1302 44,
656 1253 704 1287 et
741 1257 822 1301 55.
854 1257 991 1300 vsque
1026 1243 1080 1286 ad
1108 1246 1185 1288 60.
1208 1260 1284 1288 cu-

20 1310 88 1354 ius
130 1309 273 1356 vltimi
316 1309 418 1354 libri
458 1311 882 1368 interpretationem
920 1308 1122 1354 Cuiacius
1158 1313 1280 1358 fecit.

18 1379 183 1422 Leonis
206 1394 387 1436 quoque
412 1386 459 1424 et
474 1377 562 1423 >filii
577 1415 592 1433 ,
627 1378 904 1423 Constantini
927 1377 1279 1440 P'orphyrogen-

17 1455 153 1490 netae
187 1442 296 1489 iuffu
331 1445 518 1504 ἔκλογοιι
546 1438 703 1503 νέμων,
734 1444 822 1489 siue
857 1443 1031 1504 Eclogae
1059 1445 1195 1506 legum
1222 1461 1279 1493 ex

16 1512 400 1569 institutionibus,
436 1512 653 1573 Digestis,
687 1507 841 1558 codice
879 1523 926 1559 et
945 1513 1130 1558 nouellis
1154 1514 1280 1559 lusti-

18 1582 140 1625 niani
188 1590 421 1638 excerptae
457 1581 558 1625 sunt
585 1582 885 1626 accurantibus
917 1580 1058 1638 Rufo,
1109 1582 1280 1626 Pinalio

21 1656 70 1693 et
100 1647 362 1702 Rhodione,
398 1664 503 1706 quas
522 1665 576 1692 ex
596 1649 691 1692 cod.
723 1646 932 1704 Lipfienfi·
953 1650 1151 1693 editurus
1177 1657 1277 1695 erat:

19 1712 233 1773 Gottfrid.
277 1715 452 1758 Mascou
499 1728 632 1773 atque
654 1714 826 1774 plagula
849 1718 988 1772 prima
1011 1717 1135 1760 huius
1161 1733 1274 1775 ope-

16 1785 79 1828 ris
112 1785 232 1842 typis
264 1779 460 1840 expressa
493 1785 603 1835 fuit,
637 1797 795 1839 quarn,
829 1797 879 1826 re
910 1784 1023 1826 haud
1060 1788 1277 1842 perfecta,

18 1858 66 1897 et
87 1852 318 1897 Mascouio
343 1861 524 1903 mortuo
538 1881 551 1903 ‚
581 1849 863 1892 Piittmannus
881 1851 1182 1897 recudendam
1202 1870 1279 1898 cu-

17 1919 149 1973 rauit,
180 1920 230 1963 in
251 1921 471 1964 Memoria
495 1920 662 1963 Gottfr.
688 1918 910 1971 Mascouii‚
935 1918 1101 1976 Lipsiae
1137 1936 1278 1979 ³77¹·

23 1992 66 2040 3.
94 2002 196 2046 pag.
229 1999 330 2030 121.
358 1987 451 2045 sqq.
476 2001 634 2046 graece
650 1996 697 2031 et
719 1985 793 2033 lat.
814 2001 913 2030 cum
934 1989 1069 2032 notis.
1140 1983 1279 2035 Conf.

17 2055 126 2115 ibid.
161 2069 259 2112 pag.
295 2060 372 2111 87.
407 2055 468 2112 sq.
505 2063 553 2098 et
585 2054 710 2111 supra
743 2053 780 2112 ᾖ.
818 2068 892 2111 51·
929 2070 970 2098 nv
1018 2069 1059 2113 3.
1130 2054 1276 2101 Porro

17 2119 189 2180 scripsit
220 2120 420 2176 Tactica,
453 2123 649 2164 carmina
683 2121 853 2180 aliaque
872 2120 1119 2181 theologici
1144 2139 1274 2185 argu·
1334 2152 1338 2154 -

21 2200 180 2237 menti.

122 2272 163 2317 3.
192 2255 410 2313 Bastlicoen
436 2256 548 2302 Libr.
574 2254 661 2301 LX.
685 2256 731 2300 in
756 2255 923 2314 septem
949 2256 1108 2302 domos
1132 2257 1276 2308 diuifi.

19 2323 197 2368 Carolm
229 2322 421 2368 Annibal
449 2320 654 2367 Fabrotm
688 2323 822 2368 latine
845 2328 1008 2381 vertit,
1044 2335 1091 2371 et
1114 2342 1276 2386 graece

20 2393 188 2450 edidit,
220 2389 348 2441 Paris.
392 2393 531 2451 1647.
568 2391 629 2435 fol
671 2415 724 2424 -·-
798 2394 863 2436 De
884 2395 1085 2437 editione
1108 2394 1276 2437 Reitzii

16 2474 61 2505 v.
95 2460 221 2517 supra
252 2462 300 2504 in
329 2468 368 2516 §.
407 2462 464 2506 de
504 2457 682 2514 Bafilio,
721 2467 768 2505 et
797 2459 1045 2504 Relationes
1068 2464 1125 2505 de
1150 2462 1277 2506 libris

19 2528 181 2583 nouis,
216 2527 304 2572 vol.
327 2530 362 2575 I.
451 2528 697 2586 Gottingae
737 2539 876 2586 1752.
913 2529 1054 2574 fascic.
1086 2531 1138 2589 il.
1174 2544 1277 2589 pag.

16 2603 136 2652 312·
161 2594 255 2652 sqq·
732 2656 818 2724 Gg
856 2674 881 2707 2
1193 2661 1273 2712 LX
