1686 3025
283 294 386 357 346
766 293 1064 343 EVNAPIVS

281 427 343 470 cis
379 426 483 483 Hag
486 436 535 465 ae
560 418 691 465 Com
730 430 870 478 1730.
912 433 1013 481 pag
1054 417 1169 479 1·3'5·
1195 421 1289 479 sqq
1324 424 1540 482 quaedam

281 438 483 541 Theonis
509 477 758 574 scholiastae
781 488 926 540 Arati,
954 486 1053 532 loca
1078 487 1300 537 emendat.
1431 515 1435 520 ·

831 622 935 675 §2

661 637 1119 769 'EVNAP5IV80

386 840 428 873 1.
463 821 590 872 Circa
613 824 798 883 auspicia
820 823 978 870 saeculi
1000 826 1145 885 quinti
1168 823 1324 872 floruit
1349 825 1538 886 sophista
1564 821 1565 824 ¹
1624 843 1629 852 “
1649 818 1654 825 ’

266 893 348 946 hic
371 903 422 943 et
447 893 676 942 historicus
690 926 702 946 ‚
744 902 879 952 atque
900 892 1154 952 disciplinae
1178 893 1431 940 christianae
1453 895 1537 939 ho-

268 965 360 1012 stis.

372 1047 414 1076 2
441 1030 679 1077 Sardianus
700 1029 875 1087 Lydus:
914 1027 1153 1074 Proaerefii
1178 1028 1426 1089 discipulus

405 1099 523 1145 .Ad
547 1095 740 1141 nostram
773 1104 963 1141 aetatam
993 1107 1300 1154 peruenerunt
1331 1102 1376 1152 1)
1412 1098 1532 1144 vitae

256 1162 602 1232 philosophorum
626 1170 672 1207 et
679 1158 992 1223 sophtflarum
1029 1179 1168 1220 quae,
1199 1163 1307 1210 licet
1331 1166 1439 1210 odio
1455 1167 1531 1210 ad

217 1233 227 1245 ⁴
263 1234 417 1281 uersus
449 1230 705 1275 christianos
737 1227 822 1273 fint
854 1228 1040 1285 plenae,
1092 1238 1141 1274 et
1174 1232 1369 1288 captiose
1395 1240 1530 1290 atque

264 1301 455 1346 obscure
481 1298 695 1354 scriptae,
742 1296 860 1339 suam
887 1305 1037 1341 tamen
1059 1295 1297 1346 vtilitatem
1319 1305 1367 1344 et
1386 1298 1532 1356 philo·

262 1368 410 1427 sopho
433 1374 481 1413 et
501 1363 710 1408 historico
732 1379 782 1422 pr
764 1361 975 1409 aestant:
1025 1359 1080 1424 2)
1123 1367 1373 1424 fragmenta
1395 1365 1530 1411 histo

259 1440 353 1481 riae
375 1429 688 1486 continuatae,
722 1444 854 1495 quam
875 1432 1104 1494 Dexippus
1124 1434 1353 1492 inceperat
1368 1465 1382 1488 ‚
1438 1432 1528 1481 fiue

255 1505 549 1566 Legationes,

361 1585 411 1630 4.
446 1569 568 1615 Vitas
592 1567 786 1626 primum
811 1582 865 1612 ex
884 1568 987 1613 cod
1009 1557 1194 1622 muti10,
1236 1581 1383 1628 neque
1405 1571 1526 1628 opti

257 1656 358 1689 mae
382 1645 543 1695 notae,
577 1638 643 1680 Io.
668 1636 869 1681 sambuci
896 1651 1057 1696 graece
1085 1644 1134 1683 et
1164 1636 1238 1682 lat.
1263 1638 1407 1683 edidit
1432 1637 1524 1680 Ha·

255 1707 442 1753 drianus
461 1706 634 1760 lunius,
677 1706 914 1760 Antwerp.
946 1704 1084 1761 1568.
1112 1710 1154 1755 8.
1200 1728 1268 1738 —-
1308 1719 1366 1750 ex
1389 1705 1524 1751 codd.

252 1776 313 1821 ΙΙ.
334 1774 538 1820 Palatinis
562 1770 889 1816 emendatiores
911 1777 961 1815 et
989 1769 1213 1828 pleniores
1242 1771 1382 1817 chr.
1404 1772 1522 1815 Com-

251 1842 461 1897 melinus,
495 1836 789 1897 Heidelberg.
820 1849 836 1879 1
852 1836 962 1896 596.
983 1844 1022 1886 8.
1035 1836 1387 1883 Commeliniana
1411 1841 1520 1888 edit.

253 1912 318 1956 est
335 1909 510 1960 recusa,
542 1908 605 1952 ita
629 1914 781 1951 tamen
802 1911 851 1949 vt
874 1905 1029 1951 vitIOsa
1045 1914 1093 1950 et
1115 1905 1378 1952 exstantiora
1390 1922 1518 1955 men-

251 1982 309 2027 da
335 1975 681 2024 cumularentur.
749 1967 1037 2017 Accesserant
1069 1988 1178 2018 vero
1213 1972 1399 2036 Eunapii
1432 1974 1517 2020 Le-

237 2049 458 2112 gationes
480 2059 505 2087 e
520 2040 630 2086 bibl
644 2039 786 2085 Andr
800 2038 989 2084 Schotti.
1024 2039 1238 2085 Geneuae
1259 2042 1378 2099 apud
1393 2041 1514 2088 Paul

246 2115 462 2172 Stephan
515 2107 618 2167 (alia
664 2105 927 2164 exemplaria
970 2106 1138 2155 habent
1173 2109 1289 2167 apud
1323 2109 1513 2156 Samuel.

246 2183 532 2240 Crispinumg
590 2174 671 2219 alia
703 2175 818 2232 apud
842 2177 924 2221 Iac
952 2176 1083 2220 Stoer
1106 2184 1185 2222 aut
1203 2179 1272 2224 Io.
1296 2178 1510 2238 Vignon,

243 2252 326 2299 :sed
349 2264 433 2300 vna
462 2245 524 2291 est
555 2244 800 2300 eademque
829 2243 1004 2301 editio.)
1055 2244 1195 2290 1616.
1227 2252 1271 2294 8.
1311 2245 1426 2290 Ven.
1449 2244 1509 2291 Io.

244 2312 464 2364 Benediffi.
491 2314 700 2375 Carpzou.
738 2312 975 2368 Specimen
997 2312 1180 2369 Eunapii
1202 2311 1365 2356 edendi
1392 2311 1510 2375 ῥῆσις

240 2403 300 2431 ex
324 2385 488 2431 AedeS.
510 2387 593 2426 etc.
629 2377 796 2436 Lipfiae
834 2384 976 2436 1748.
999 2390 1047 2437 4.
1117 2379 1314 2424 Omnino
1347 2387 1507 2438 optan-

241 2456 353 2499 dum
373 2450 462 2509 est,
493 2457 544 2494 vt
566 2461 734 2492 nomen
755 2443 921 2491 soluat:
960 2461 1096 2504 quum
1117 2446 1379 2504 praesertim
1414 2446 1507 2492 col-

235 2523 432 2570 lationes
453 2516 582 2562 codd.
608 2509 840 2571 accepisset
860 2515 1143 2558 FabricianaS.
1182 2535 1251 2548 ·—-·
1295 2515 1505 2576 Legatio-

236 2605 322 2640 nes
344 2600 507 2652 graece
531 2591 581 2632 et
602 2580 755 2630 latine
749 2594 862 2629 cum
886 2581 1032 2632 Henr
1066 2579 1221 2628 Valefii
1243 2583 1501 2700 notiS‚P},n
