<?xml version="1.0" encoding="UTF-8"?>
<!DOCTYPE html PUBLIC "-//W3C//DTD XHTML 1.0 Transitional//EN"
    "http://www.w3.org/TR/xhtml1/DTD/xhtml1-transitional.dtd">
<html xmlns="http://www.w3.org/1999/xhtml" xml:lang="en" lang="en">
 <head>
  <title>
</title>
<meta http-equiv="Content-Type" content="text/html;charset=utf-8" />
  <meta name='ocr-system' content='tesseract 3.04.00' />
  <meta name='ocr-capabilities' content='ocr_page ocr_carea ocr_par ocr_line ocrx_word'/>
</head>
<body>
  <div class='ocr_page' id='page_1' title='image "./p1theophilichristo02harluoft_0153.png"; bbox 0 0 1686 3025; ppageno 0'>
   <div class='ocr_carea' id='block_1_1' title="bbox 0 659 8 1250">
    <p class='ocr_par' dir='ltr' id='par_1_1' title="bbox 0 659 8 1250">
     <span class='ocr_line' id='line_1_1' title="bbox 0 659 8 1250; baseline 0 0"><span class='ocrx_word' id='word_1_1' title='bbox 0 659 8 1250; x_wconf 95' lang='lat' dir='ltr'> </span> 
     </span>
    </p>
   </div>
   <div class='ocr_carea' id='block_1_2' title="bbox 0 659 9 1250">
    <p class='ocr_par' dir='ltr' id='par_1_2' title="bbox 0 659 9 1250">
     <span class='ocr_line' id='line_1_2' title="bbox 0 659 9 1250; baseline 0 0"><span class='ocrx_word' id='word_1_2' title='bbox 0 659 9 1250; x_wconf 95' lang='lat' dir='ltr'> </span> 
     </span>
    </p>
   </div>
   <div class='ocr_carea' id='block_1_3' title="bbox 0 659 8 1337">
    <p class='ocr_par' dir='ltr' id='par_1_3' title="bbox 0 659 8 1337">
     <span class='ocr_line' id='line_1_3' title="bbox 0 659 8 1337; baseline 0 0"><span class='ocrx_word' id='word_1_3' title='bbox 0 659 8 1337; x_wconf 95' lang='lat' dir='ltr'> </span> 
     </span>
    </p>
   </div>
   <div class='ocr_carea' id='block_1_4' title="bbox 384 266 1363 328">
    <p class='ocr_par' dir='ltr' id='par_1_4' title="bbox 384 266 1363 328">
     <span class='ocr_line' id='line_1_4' title="bbox 384 266 1363 328; baseline -0.005 -10"><span class='ocrx_word' id='word_1_4' title='bbox 384 272 450 321; x_wconf 89' lang='lat' dir='ltr'>M.</span> <span class='ocrx_word' id='word_1_5' title='bbox 471 270 743 320; x_wconf 85' lang='lat' dir='ltr'><em>AVRELIVS</em></span> <span class='ocrx_word' id='word_1_6' title='bbox 757 266 1100 317; x_wconf 85' lang='lat' dir='ltr'><em>ANTONINVS.</em></span> <span class='ocrx_word' id='word_1_7' title='bbox 1276 279 1363 328; x_wconf 79' lang='lat'>141</span> 
     </span>
    </p>
   </div>
   <div class='ocr_carea' id='block_1_5' title="bbox 102 392 1376 1800">
    <p class='ocr_par' dir='ltr' id='par_1_5' title="bbox 102 392 1376 1800">
     <span class='ocr_line' id='line_1_5' title="bbox 109 392 1370 458; baseline -0.008 -10"><span class='ocrx_word' id='word_1_8' title='bbox 109 400 268 448; x_wconf 75' lang='lat' dir='ltr'>litura</span> <span class='ocrx_word' id='word_1_9' title='bbox 288 406 335 447; x_wconf 86' lang='lat' dir='ltr'>et</span> <span class='ocrx_word' id='word_1_10' title='bbox 356 398 497 447; x_wconf 85' lang='lat' dir='ltr'>studio</span> <span class='ocrx_word' id='word_1_11' title='bbox 519 402 591 446; x_wconf 91' lang='lat' dir='ltr'>Du</span> <span class='ocrx_word' id='word_1_12' title='bbox 619 403 782 444; x_wconf 84' lang='lat' dir='ltr'>Fresne</span> <span class='ocrx_word' id='word_1_13' title='bbox 797 434 812 456; x_wconf 82' lang='lat'>‚</span> <span class='ocrx_word' id='word_1_14' title='bbox 866 410 1023 458; x_wconf 80' lang='lat' dir='ltr'>graece</span> <span class='ocrx_word' id='word_1_15' title='bbox 1058 403 1105 440; x_wconf 89' lang='lat' dir='ltr'>et</span> <span class='ocrx_word' id='word_1_16' title='bbox 1135 392 1272 441; x_wconf 89' lang='lat' dir='ltr'>latine</span> <span class='ocrx_word' id='word_1_17' title='bbox 1293 399 1370 441; x_wconf 85' lang='lat' dir='ltr'>Pa.</span> 
     </span>
     <span class='ocr_line' id='line_1_6' title="bbox 108 463 1368 523; baseline -0.005 -9"><span class='ocrx_word' id='word_1_18' title='bbox 108 469 185 515; x_wconf 81' lang='lat' dir='ltr'>ris.</span> <span class='ocrx_word' id='word_1_19' title='bbox 219 469 275 514; x_wconf 91' lang='lat'>16</span> <span class='ocrx_word' id='word_1_20' title='bbox 284 477 361 522; x_wconf 77' lang='lat'>88.</span> <span class='ocrx_word' id='word_1_21' title='bbox 387 471 433 513; x_wconf 90' lang='lat' dir='ltr'>in</span> <span class='ocrx_word' id='word_1_22' title='bbox 457 472 596 513; x_wconf 85' lang='lat' dir='ltr'>forma</span> <span class='ocrx_word' id='word_1_23' title='bbox 619 468 803 512; x_wconf 85' lang='lat' dir='ltr'>maxima</span> <span class='ocrx_word' id='word_1_24' title='bbox 827 467 950 510; x_wconf 82' lang='lat' dir='ltr'>edito</span> <span class='ocrx_word' id='word_1_25' title='bbox 967 479 1063 523; x_wconf 85' lang='lat' dir='ltr'><strong>pag.</strong></span> <span class='ocrx_word' id='word_1_26' title='bbox 1090 476 1201 522; x_wconf 79' lang='lat'><strong>259.</strong></span> <span class='ocrx_word' id='word_1_27' title='bbox 1228 463 1368 508; x_wconf 85' lang='lat' dir='ltr'>diser-</span> 
     </span>
     <span class='ocr_line' id='line_1_7' title="bbox 109 531 1369 583; baseline -0.006 -1"><span class='ocrx_word' id='word_1_28' title='bbox 109 539 168 583; x_wconf 73' lang='lat' dir='ltr'>tis</span> <span class='ocrx_word' id='word_1_29' title='bbox 192 539 338 582; x_wconf 85' lang='lat' dir='ltr'>verbis</span> <span class='ocrx_word' id='word_1_30' title='bbox 364 539 514 581; x_wconf 82' lang='lat' dir='ltr'>Marco</span> <span class='ocrx_word' id='word_1_31' title='bbox 533 534 718 583; x_wconf 89' lang='lat' dir='ltr'>Aurelio</span> <span class='ocrx_word' id='word_1_32' title='bbox 746 534 977 578; x_wconf 88' lang='lat' dir='ltr'>Antonino</span> <span class='ocrx_word' id='word_1_33' title='bbox 1003 532 1232 579; x_wconf 74' lang='lat' dir='ltr'><strong>tribuitur.</strong></span> <span class='ocrx_word' id='word_1_34' title='bbox 1278 531 1369 576; x_wconf 85' lang='lat' dir='ltr'>Alii</span> 
     </span>
     <span class='ocr_line' id='line_1_8' title="bbox 108 598 1369 665; baseline -0.004 -16"><span class='ocrx_word' id='word_1_35' title='bbox 108 620 218 649; x_wconf 78' lang='lat' dir='ltr'>vero</span> <span class='ocrx_word' id='word_1_36' title='bbox 243 605 541 665; x_wconf 79' lang='lat' dir='ltr'>argumentis,</span> <span class='ocrx_word' id='word_1_37' title='bbox 584 611 633 648; x_wconf 88' lang='lat' dir='ltr'>vt</span> <span class='ocrx_word' id='word_1_38' title='bbox 659 600 736 644; x_wconf 84' lang='lat' dir='ltr'>fibi</span> <span class='ocrx_word' id='word_1_39' title='bbox 769 598 843 644; x_wconf 85' lang='lat' dir='ltr'>vifi</span> <span class='ocrx_word' id='word_1_40' title='bbox 873 601 1000 656; x_wconf 87' lang='lat' dir='ltr'>sunt,</span> <span class='ocrx_word' id='word_1_41' title='bbox 1061 599 1234 643; x_wconf 75' lang='lat' dir='ltr'>idoneis</span> <span class='ocrx_word' id='word_1_42' title='bbox 1267 598 1369 644; x_wconf 86' lang='lat' dir='ltr'>fulti</span> 
     </span>
     <span class='ocr_line' id='line_1_9' title="bbox 108 661 1365 724; baseline -0.007 -7"><span class='ocrx_word' id='word_1_43' title='bbox 108 673 345 717; x_wconf 84' lang='lat' dir='ltr'>Antonino</span> <span class='ocrx_word' id='word_1_44' title='bbox 369 670 446 714; x_wconf 91' lang='lat' dir='ltr'>Pio</span> <span class='ocrx_word' id='word_1_45' title='bbox 480 670 731 714; x_wconf 85' lang='lat' dir='ltr'>vindicant:</span> <span class='ocrx_word' id='word_1_46' title='bbox 776 669 824 710; x_wconf 90' lang='lat' dir='ltr'>in</span> <span class='ocrx_word' id='word_1_47' title='bbox 858 666 925 710; x_wconf 87' lang='lat' dir='ltr'>his</span> <span class='ocrx_word' id='word_1_48' title='bbox 967 661 1061 713; x_wconf 83' lang='lat' dir='ltr'>Tob.</span> <span class='ocrx_word' id='word_1_49' title='bbox 1102 663 1365 724; x_wconf 67' lang='lat' dir='ltr'>Godffredur</span> 
     </span>
     <span class='ocr_line' id='line_1_10' title="bbox 109 727 1363 798; baseline -0.002 -17"><span class='ocrx_word' id='word_1_50' title='bbox 109 727 445 798; x_wconf 60' lang='lat' dir='ltr'>Hegelrtzaibrus.</span> <span class='ocrx_word' id='word_1_51' title='bbox 479 738 597 781; x_wconf 85' lang='lat' dir='ltr'>Prof.</span> <span class='ocrx_word' id='word_1_52' title='bbox 619 731 929 794; x_wconf 85' lang='lat' dir='ltr'>Tubingenfis,</span> <span class='ocrx_word' id='word_1_53' title='bbox 955 733 1001 776; x_wconf 91' lang='lat' dir='ltr'>in</span> <span class='ocrx_word' id='word_1_54' title='bbox 1022 735 1363 780; x_wconf 82' lang='lat' dir='ltr'>commentatio-</span> 
     </span>
     <span class='ocr_line' id='line_1_11' title="bbox 110 798 1371 861; baseline -0.01 -11"><span class='ocrx_word' id='word_1_55' title='bbox 110 820 171 850; x_wconf 87' lang='lat' dir='ltr'>ne</span> <span class='ocrx_word' id='word_1_56' title='bbox 191 809 238 850; x_wconf 91' lang='lat' dir='ltr'>in</span> <span class='ocrx_word' id='word_1_57' title='bbox 262 805 452 850; x_wconf 54' lang='lat' dir='ltr'>edietum</span> <span class='ocrx_word' id='word_1_58' title='bbox 478 802 761 861; x_wconf 87' lang='lat' dir='ltr'>Imperatoris</span> <span class='ocrx_word' id='word_1_59' title='bbox 785 798 1003 845; x_wconf 76' lang='lat' dir='ltr'>Antonini</span> <span class='ocrx_word' id='word_1_60' title='bbox 1026 802 1090 843; x_wconf 81' lang='lat' dir='ltr'>Pii</span> <span class='ocrx_word' id='word_1_61' title='bbox 1121 816 1205 858; x_wconf 89' lang='lat' dir='ltr'>pro</span> <span class='ocrx_word' id='word_1_62' title='bbox 1239 801 1371 847; x_wconf 86' lang='lat' dir='ltr'>Chri-</span> 
     </span>
     <span class='ocr_line' id='line_1_12' title="bbox 108 865 1367 929; baseline -0.006 -11"><span class='ocrx_word' id='word_1_63' title='bbox 108 871 276 926; x_wconf 83' lang='lat' dir='ltr'>stianis,</span> <span class='ocrx_word' id='word_1_64' title='bbox 330 872 453 929; x_wconf 92' lang='lat' dir='ltr'>quod</span> <span class='ocrx_word' id='word_1_65' title='bbox 487 871 695 915; x_wconf 83' lang='lat' dir='ltr'>Eusebius</span> <span class='ocrx_word' id='word_1_66' title='bbox 727 871 789 914; x_wconf 79' lang='lat' dir='ltr'>H.</span> <span class='ocrx_word' id='word_1_67' title='bbox 823 871 872 913; x_wconf 86' lang='lat' dir='ltr'>E.</span> <span class='ocrx_word' id='word_1_68' title='bbox 905 865 1027 913; x_wconf 74' lang='lat' dir='ltr'>Libr.</span> <span class='ocrx_word' id='word_1_69' title='bbox 1053 868 1125 913; x_wconf 88' lang='lat' dir='ltr'>IV.</span> <span class='ocrx_word' id='word_1_70' title='bbox 1149 883 1242 926; x_wconf 88' lang='lat' dir='ltr'>cap.</span> <span class='ocrx_word' id='word_1_71' title='bbox 1286 882 1367 929; x_wconf 63' lang='lat'>13.</span> 
     </span>
     <span class='ocr_line' id='line_1_13' title="bbox 107 934 1367 999; baseline -0.003 -16"><span class='ocrx_word' id='word_1_72' title='bbox 107 935 367 992; x_wconf 74' lang='lat' dir='ltr'>afferuaust,</span> <span class='ocrx_word' id='word_1_73' title='bbox 400 939 630 999; x_wconf 87' lang='lat' dir='ltr'>Tubingae</span> <span class='ocrx_word' id='word_1_74' title='bbox 657 947 797 993; x_wconf 86' lang='lat'><strong>1777.</strong></span> <span class='ocrx_word' id='word_1_75' title='bbox 823 938 942 980; x_wconf 85' lang='lat' dir='ltr'>conf.</span> <span class='ocrx_word' id='word_1_76' title='bbox 973 934 1198 979; x_wconf 82' lang='lat' dir='ltr'>censuram</span> <span class='ocrx_word' id='word_1_77' title='bbox 1237 936 1367 979; x_wconf 79' lang='lat' dir='ltr'>huius</span> 
     </span>
     <span class='ocr_line' id='line_1_14' title="bbox 107 1001 1371 1065; baseline -0.004 -13"><span class='ocrx_word' id='word_1_78' title='bbox 107 1004 247 1052; x_wconf 90' lang='lat' dir='ltr'>libelli</span> <span class='ocrx_word' id='word_1_79' title='bbox 287 1007 336 1051; x_wconf 88' lang='lat' dir='ltr'>in</span> <span class='ocrx_word' id='word_1_80' title='bbox 381 1004 604 1065; x_wconf 81' lang='lat' dir='ltr'>Anzeigen</span> <span class='ocrx_word' id='word_1_81' title='bbox 645 1003 737 1047; x_wconf 91' lang='lat' dir='ltr'>und</span> <span class='ocrx_word' id='word_1_82' title='bbox 769 1001 1151 1063; x_wconf 87' lang='lat' dir='ltr'>Beurtheilungen</span> <span class='ocrx_word' id='word_1_83' title='bbox 1192 1001 1371 1048; x_wconf 76' lang='lat' dir='ltr'>kleinet</span> 
     </span>
     <span class='ocr_line' id='line_1_15' title="bbox 106 1071 1368 1132; baseline -0.003 -13"><span class='ocrx_word' id='word_1_84' title='bbox 106 1072 352 1125; x_wconf 82' lang='lat' dir='ltr'>Schriften,</span> <span class='ocrx_word' id='word_1_85' title='bbox 409 1074 688 1132; x_wconf 88' lang='lat' dir='ltr'>Noribergae</span> <span class='ocrx_word' id='word_1_86' title='bbox 731 1082 873 1127; x_wconf 88' lang='lat'><strong>1777.</strong></span> <span class='ocrx_word' id='word_1_87' title='bbox 911 1071 1025 1115; x_wconf 83' lang='lat' dir='ltr'>Part.</span> <span class='ocrx_word' id='word_1_88' title='bbox 1050 1072 1084 1114; x_wconf 89' lang='grc' dir='ltr'>Ι.</span> <span class='ocrx_word' id='word_1_89' title='bbox 1109 1080 1211 1130; x_wconf 87' lang='lat' dir='ltr'>pag.</span> <span class='ocrx_word' id='word_1_90' title='bbox 1257 1084 1368 1128; x_wconf 78' lang='lat'>141.</span> 
     </span>
     <span class='ocr_line' id='line_1_16' title="bbox 102 1136 1368 1199; baseline -0.002 -13"><span class='ocrx_word' id='word_1_91' title='bbox 102 1141 204 1199; x_wconf 71' lang='lat' dir='ltr'><strong>sqq.</strong></span> <span class='ocrx_word' id='word_1_92' title='bbox 237 1169 294 1180; x_wconf 91' lang='lat'><em>-</em></span> <span class='ocrx_word' id='word_1_93' title='bbox 334 1141 404 1187; x_wconf 87' lang='lat' dir='ltr'>De</span> <span class='ocrx_word' id='word_1_94' title='bbox 434 1140 660 1186; x_wconf 84' lang='lat' dir='ltr'>authentia</span> <span class='ocrx_word' id='word_1_95' title='bbox 707 1136 915 1197; x_wconf 88' lang='lat' dir='ltr'>epistolae</span> <span class='ocrx_word' id='word_1_96' title='bbox 957 1136 1071 1181; x_wconf 87' lang='lat' dir='ltr'>illius</span> <span class='ocrx_word' id='word_1_97' title='bbox 1106 1139 1368 1184; x_wconf 76' lang='lat' dir='ltr'>dubitarunt</span> 
     </span>
     <span class='ocr_line' id='line_1_17' title="bbox 108 1200 1371 1267; baseline -0.002 -16"><span class='ocrx_word' id='word_1_98' title='bbox 108 1206 300 1267; x_wconf 80' lang='lat' dir='ltr'>Scaliger</span> <span class='ocrx_word' id='word_1_99' title='bbox 320 1207 375 1254; x_wconf 84' lang='lat' dir='ltr'>ad</span> <span class='ocrx_word' id='word_1_100' title='bbox 417 1208 574 1254; x_wconf 82' lang='lat' dir='ltr'>chron.</span> <span class='ocrx_word' id='word_1_101' title='bbox 602 1206 821 1263; x_wconf 59' lang='lat' dir='ltr'>Eusqebii,x</span> <span class='ocrx_word' id='word_1_102' title='bbox 853 1200 1054 1250; x_wconf 73' lang='lat' dir='ltr'>Dodwell.</span> <span class='ocrx_word' id='word_1_103' title='bbox 1080 1207 1127 1249; x_wconf 92' lang='lat' dir='ltr'>in</span> <span class='ocrx_word' id='word_1_104' title='bbox 1157 1202 1250 1251; x_wconf 80' lang='lat' dir='ltr'>diff.</span> <span class='ocrx_word' id='word_1_105' title='bbox 1282 1206 1371 1264; x_wconf 81' lang='lat' dir='ltr'>Cy·</span> 
     </span>
     <span class='ocr_line' id='line_1_18' title="bbox 111 1269 1372 1337; baseline -0.001 -20"><span class='ocrx_word' id='word_1_106' title='bbox 111 1275 250 1333; x_wconf 85' lang='lat' dir='ltr'>prian.</span> <span class='ocrx_word' id='word_1_107' title='bbox 275 1269 595 1337; x_wconf 78' lang='lat' dir='ltr'>Baumgarten,</span> <span class='ocrx_word' id='word_1_108' title='bbox 628 1272 823 1328; x_wconf 82' lang='lat' dir='ltr'>Semler,</span> <span class='ocrx_word' id='word_1_109' title='bbox 853 1271 1040 1330; x_wconf 87' lang='lat' dir='ltr'>aliique,</span> <span class='ocrx_word' id='word_1_110' title='bbox 1074 1270 1120 1315; x_wconf 81' lang='lat' dir='ltr'>in</span> <span class='ocrx_word' id='word_1_111' title='bbox 1139 1273 1289 1330; x_wconf 86' lang='lat' dir='ltr'>primis</span> <span class='ocrx_word' id='word_1_112' title='bbox 1303 1276 1372 1316; x_wconf 84' lang='lat' dir='ltr'>fu·</span> 
     </span>
     <span class='ocr_line' id='line_1_19' title="bbox 111 1337 1369 1401; baseline -0.002 -15"><span class='ocrx_word' id='word_1_113' title='bbox 111 1342 248 1400; x_wconf 81' lang='lat' dir='ltr'>seque</span> <span class='ocrx_word' id='word_1_114' title='bbox 272 1344 368 1401; x_wconf 85' lang='lat' dir='ltr'>egit</span> <span class='ocrx_word' id='word_1_115' title='bbox 390 1342 530 1387; x_wconf 86' lang='lat' dir='ltr'>deilla</span> <span class='ocrx_word' id='word_1_116' title='bbox 548 1339 735 1400; x_wconf 86' lang='lat' dir='ltr'>Moylius</span> <span class='ocrx_word' id='word_1_117' title='bbox 745 1342 791 1383; x_wconf 89' lang='lat' dir='ltr'>in</span> <span class='ocrx_word' id='word_1_118' title='bbox 803 1338 1075 1399; x_wconf 86' lang='lat' dir='ltr'>theological</span> <span class='ocrx_word' id='word_1_119' title='bbox 1088 1337 1369 1399; x_wconf 82' lang='lat' dir='ltr'>Repofitory‚</span> 
     </span>
     <span class='ocr_line' id='line_1_20' title="bbox 110 1406 1372 1470; baseline -0.002 -16"><span class='ocrx_word' id='word_1_120' title='bbox 110 1407 203 1455; x_wconf 84' lang='lat' dir='ltr'>vol.</span> <span class='ocrx_word' id='word_1_121' title='bbox 223 1407 277 1454; x_wconf 83' lang='grc' dir='ltr'>ΙΙ.</span> <span class='ocrx_word' id='word_1_122' title='bbox 304 1417 351 1454; x_wconf 88' lang='lat' dir='ltr'>et</span> <span class='ocrx_word' id='word_1_123' title='bbox 370 1408 425 1455; x_wconf 83' lang='lat'>10.</span> <span class='ocrx_word' id='word_1_124' title='bbox 448 1406 634 1470; x_wconf 74' lang='lat' dir='ltr'>Philipp.</span> <span class='ocrx_word' id='word_1_125' title='bbox 645 1406 862 1463; x_wconf 47' lang='lat' dir='ltr'>Beyckerg</span> <span class='ocrx_word' id='word_1_126' title='bbox 891 1406 1156 1466; x_wconf 87' lang='lat' dir='ltr'>Theologus</span> <span class='ocrx_word' id='word_1_127' title='bbox 1180 1416 1227 1451; x_wconf 89' lang='lat' dir='ltr'>et</span> <span class='ocrx_word' id='word_1_128' title='bbox 1251 1409 1372 1452; x_wconf 81' lang='lat' dir='ltr'>Prof.</span> 
     </span>
     <span class='ocr_line' id='line_1_21' title="bbox 112 1473 1375 1536; baseline -0.003 -14"><span class='ocrx_word' id='word_1_129' title='bbox 112 1473 528 1536; x_wconf 85' lang='lat' dir='ltr'>Argentoratenfis‚</span> <span class='ocrx_word' id='word_1_130' title='bbox 582 1478 629 1518; x_wconf 86' lang='lat' dir='ltr'>in</span> <span class='ocrx_word' id='word_1_131' title='bbox 659 1475 770 1531; x_wconf 87' lang='lat' dir='ltr'>disp.</span> <span class='ocrx_word' id='word_1_132' title='bbox 805 1474 860 1518; x_wconf 87' lang='lat' dir='ltr'>de</span> <span class='ocrx_word' id='word_1_133' title='bbox 896 1473 1041 1516; x_wconf 71' lang='lat' dir='ltr'>edieto</span> <span class='ocrx_word' id='word_1_134' title='bbox 1065 1475 1285 1517; x_wconf 83' lang='lat' dir='ltr'>Antonini</span> <span class='ocrx_word' id='word_1_135' title='bbox 1309 1475 1375 1518; x_wconf 90' lang='lat' dir='ltr'>Pii</span> 
     </span>
     <span class='ocr_line' id='line_1_22' title="bbox 113 1538 1373 1602; baseline -0.002 -15"><span class='ocrx_word' id='word_1_136' title='bbox 113 1558 200 1602; x_wconf 88' lang='lat' dir='ltr'>pro</span> <span class='ocrx_word' id='word_1_137' title='bbox 221 1542 473 1589; x_wconf 86' lang='lat' dir='ltr'>Christianis</span> <span class='ocrx_word' id='word_1_138' title='bbox 504 1543 557 1585; x_wconf 85' lang='lat' dir='ltr'>ad</span> <span class='ocrx_word' id='word_1_139' title='bbox 589 1556 827 1586; x_wconf 90' lang='lat' dir='ltr'>commune</span> <span class='ocrx_word' id='word_1_140' title='bbox 861 1538 997 1588; x_wconf 67' lang='lat' dir='ltr'>Asiae.</span> <span class='ocrx_word' id='word_1_141' title='bbox 1065 1543 1373 1600; x_wconf 83' lang='lat' dir='ltr'>Argentorati,</span> 
     </span>
     <span class='ocr_line' id='line_1_23' title="bbox 121 1605 1375 1668; baseline -0.002 -13"><span class='ocrx_word' id='word_1_142' title='bbox 121 1615 211 1668; x_wconf 89' lang='lat'>178</span> <span class='ocrx_word' id='word_1_143' title='bbox 225 1621 263 1656; x_wconf 76' lang='grc' dir='ltr'>Ι.</span> <span class='ocrx_word' id='word_1_144' title='bbox 285 1623 332 1667; x_wconf 85' lang='lat'>4.</span> <span class='ocrx_word' id='word_1_145' title='bbox 354 1609 429 1666; x_wconf 87' lang='lat' dir='ltr'>qui</span> <span class='ocrx_word' id='word_1_146' title='bbox 450 1611 642 1666; x_wconf 86' lang='lat' dir='ltr'>primum</span> <span class='ocrx_word' id='word_1_147' title='bbox 661 1609 840 1651; x_wconf 87' lang='lat' dir='ltr'>nomina</span> <span class='ocrx_word' id='word_1_148' title='bbox 864 1622 905 1650; x_wconf 81' lang='grc' dir='ltr'>ν.</span> <span class='ocrx_word' id='word_1_149' title='bbox 921 1605 973 1649; x_wconf 88' lang='grc' dir='ltr'>Ι).</span> <span class='ocrx_word' id='word_1_150' title='bbox 1000 1608 1190 1651; x_wconf 85' lang='lat' dir='ltr'>diuersas</span> <span class='ocrx_word' id='word_1_151' title='bbox 1215 1611 1375 1652; x_wconf 89' lang='lat' dir='ltr'>fouen-</span> 
     </span>
     <span class='ocr_line' id='line_1_24' title="bbox 114 1671 1374 1733; baseline -0.002 -11"><span class='ocrx_word' id='word_1_152' title='bbox 114 1678 230 1722; x_wconf 82' lang='lat' dir='ltr'>tium</span> <span class='ocrx_word' id='word_1_153' title='bbox 252 1676 494 1721; x_wconf 84' lang='lat' dir='ltr'>sententias</span> <span class='ocrx_word' id='word_1_154' title='bbox 520 1675 680 1733; x_wconf 54' lang='lat' dir='ltr'>ponit&amp;</span> <span class='ocrx_word' id='word_1_155' title='bbox 716 1680 840 1731; x_wconf 82' lang='lat' dir='ltr'>turn,</span> <span class='ocrx_word' id='word_1_156' title='bbox 875 1671 1106 1730; x_wconf 86' lang='lat' dir='ltr'>postquam</span> <span class='ocrx_word' id='word_1_157' title='bbox 1128 1675 1264 1731; x_wconf 81' lang='lat' dir='ltr'>ipsam</span> <span class='ocrx_word' id='word_1_158' title='bbox 1281 1678 1374 1733; x_wconf 88' lang='lat' dir='ltr'>epi-</span> 
     </span>
     <span class='ocr_line' id='line_1_25' title="bbox 116 1739 1376 1800; baseline -0.006 -12"><span class='ocrx_word' id='word_1_159' title='bbox 116 1739 312 1791; x_wconf 79' lang='lat' dir='ltr'>stolams,</span> <span class='ocrx_word' id='word_1_160' title='bbox 336 1742 548 1800; x_wconf 58' lang='lat' dir='ltr'>edietum,</span> <span class='ocrx_word' id='word_1_161' title='bbox 582 1742 738 1787; x_wconf 89' lang='lat' dir='ltr'>additis</span> <span class='ocrx_word' id='word_1_162' title='bbox 775 1741 1032 1798; x_wconf 86' lang='lat' dir='ltr'>quibusdam</span> <span class='ocrx_word' id='word_1_163' title='bbox 1070 1742 1376 1786; x_wconf 76' lang='lat' dir='ltr'>adnotationi-</span> 
     </span>
    </p>
   </div>
   <div class='ocr_carea' id='block_1_6' title="bbox 8 1808 1374 1868">
    <p class='ocr_par' dir='ltr' id='par_1_6' title="bbox 8 1808 1374 1868">
     <span class='ocr_line' id='line_1_26' title="bbox 8 1808 1374 1868; baseline 0 -14"><span class='ocrx_word' id='word_1_164' title='bbox 8 1817 10 1848; x_wconf 64' lang='grc' dir='ltr'>ἑ</span> <span class='ocrx_word' id='word_1_165' title='bbox 64 1811 67 1815; x_wconf 73' lang='grc'><strong>’</strong></span> <span class='ocrx_word' id='word_1_166' title='bbox 116 1812 196 1854; x_wconf 89' lang='lat' dir='ltr'>bus</span> <span class='ocrx_word' id='word_1_167' title='bbox 219 1811 374 1855; x_wconf 85' lang='lat' dir='ltr'>recudi</span> <span class='ocrx_word' id='word_1_168' title='bbox 396 1813 587 1868; x_wconf 83' lang='lat' dir='ltr'>fecerat,</span> <span class='ocrx_word' id='word_1_169' title='bbox 621 1810 678 1853; x_wconf 91' lang='lat' dir='ltr'>de</span> <span class='ocrx_word' id='word_1_170' title='bbox 702 1809 827 1853; x_wconf 86' lang='lat' dir='ltr'>variis</span> <span class='ocrx_word' id='word_1_171' title='bbox 855 1809 948 1867; x_wconf 87' lang='lat' dir='ltr'>agit</span> <span class='ocrx_word' id='word_1_172' title='bbox 972 1808 1173 1865; x_wconf 83' lang='lat' dir='ltr'>rescripti</span> <span class='ocrx_word' id='word_1_173' title='bbox 1210 1810 1374 1854; x_wconf 81' lang='lat' dir='ltr'>editio·</span> 
     </span>
    </p>
   </div>
   <div class='ocr_carea' id='block_1_7' title="bbox 116 1873 1379 2074">
    <p class='ocr_par' dir='ltr' id='par_1_7' title="bbox 116 1873 1379 2074">
     <span class='ocr_line' id='line_1_27' title="bbox 116 1873 1373 1936; baseline 0 -14"><span class='ocrx_word' id='word_1_174' title='bbox 116 1879 276 1933; x_wconf 89' lang='lat' dir='ltr'>nibus;</span> <span class='ocrx_word' id='word_1_175' title='bbox 304 1876 454 1936; x_wconf 85' lang='lat' dir='ltr'>postea</span> <span class='ocrx_word' id='word_1_176' title='bbox 474 1878 691 1922; x_wconf 79' lang='lat' dir='ltr'>examinat</span> <span class='ocrx_word' id='word_1_177' title='bbox 715 1883 762 1920; x_wconf 87' lang='lat' dir='ltr'>et</span> <span class='ocrx_word' id='word_1_178' title='bbox 783 1878 947 1919; x_wconf 84' lang='lat' dir='ltr'>refutat</span> <span class='ocrx_word' id='word_1_179' title='bbox 972 1873 1260 1934; x_wconf 70' lang='lat' dir='ltr'>hypothesin,</span> <span class='ocrx_word' id='word_1_180' title='bbox 1288 1893 1373 1935; x_wconf 82' lang='lat' dir='ltr'>qua</span> 
     </span>
     <span class='ocr_line' id='line_1_28' title="bbox 118 1941 1379 2004; baseline 0.001 -15"><span class='ocrx_word' id='word_1_181' title='bbox 118 1944 502 2004; x_wconf 32' lang='lat' dir='ltr'>quidamlvolunt,</span> <span class='ocrx_word' id='word_1_182' title='bbox 540 1943 687 1989; x_wconf 87' lang='lat' dir='ltr'>Iustini</span> <span class='ocrx_word' id='word_1_183' title='bbox 718 1941 953 2004; x_wconf 85' lang='lat' dir='ltr'>apologiae</span> <span class='ocrx_word' id='word_1_184' title='bbox 986 1942 1176 1986; x_wconf 59' lang='lat' dir='ltr'>edidium</span> <span class='ocrx_word' id='word_1_185' title='bbox 1209 1945 1379 1994; x_wconf 82' lang='lat' dir='ltr'>deberi.</span> 
     </span>
     <span class='ocr_line' id='line_1_29' title="bbox 118 2012 1379 2074; baseline 0 -16"><span class='ocrx_word' id='word_1_186' title='bbox 118 2013 236 2058; x_wconf 90' lang='lat' dir='ltr'>Dein</span> <span class='ocrx_word' id='word_1_187' title='bbox 265 2013 544 2071; x_wconf 88' lang='lat' dir='ltr'>persequitur</span> <span class='ocrx_word' id='word_1_188' title='bbox 577 2023 625 2057; x_wconf 89' lang='lat' dir='ltr'>et</span> <span class='ocrx_word' id='word_1_189' title='bbox 667 2012 872 2071; x_wconf 79' lang='lat' dir='ltr'>infringit</span> <span class='ocrx_word' id='word_1_190' title='bbox 910 2019 1169 2070; x_wconf 87' lang='lat' dir='ltr'>argumenta</span> <span class='ocrx_word' id='word_1_191' title='bbox 1201 2027 1379 2074; x_wconf 84' lang='lat' dir='ltr'>eorum,</span> 
     </span>
    </p>
   </div>
   <div class='ocr_carea' id='block_1_8' title="bbox 60 2076 1381 2138">
    <p class='ocr_par' dir='ltr' id='par_1_8' title="bbox 6 2070 1381 2138">
     <span class='ocr_line' id='line_1_30' title="bbox 60 2076 1381 2138; baseline 0.001 -13.961"><span class='ocrx_word' id='word_1_192' title='bbox 60 2117 69 2119; x_wconf 43' lang='lat'>&gt;</span> <span class='ocrx_word' id='word_1_193' title='bbox 120 2081 197 2138; x_wconf 89' lang='lat' dir='ltr'>qui</span> <span class='ocrx_word' id='word_1_194' title='bbox 217 2078 305 2124; x_wconf 88' lang='lat' dir='ltr'>fiue</span> <span class='ocrx_word' id='word_1_195' title='bbox 328 2081 481 2124; x_wconf 88' lang='lat' dir='ltr'>Titum</span> <span class='ocrx_word' id='word_1_196' title='bbox 503 2076 590 2123; x_wconf 88' lang='lat' dir='ltr'>fiue</span> <span class='ocrx_word' id='word_1_197' title='bbox 611 2081 806 2123; x_wconf 81' lang='lat' dir='ltr'>Marcum</span> <span class='ocrx_word' id='word_1_198' title='bbox 829 2077 1055 2122; x_wconf 63' lang='lat' dir='ltr'>auetorem</span> <span class='ocrx_word' id='word_1_199' title='bbox 1075 2077 1201 2122; x_wconf 75' lang='lat' dir='ltr'>huius</span> <span class='ocrx_word' id='word_1_200' title='bbox 1227 2080 1381 2125; x_wconf 84' lang='lat' dir='ltr'>rescri-</span> 
     </span>
    </p>
   </div>
   <div class='ocr_carea' id='block_1_9' title="bbox 0 1246 42 3025">
    <p class='ocr_par' dir='ltr' id='par_1_9' title="bbox 0 1246 42 3025">
     <span class='ocr_line' id='line_1_31' title="bbox 0 1246 42 3025; baseline 0 0"><span class='ocrx_word' id='word_1_201' title='bbox 0 1246 42 3025; x_wconf 95' lang='lat' dir='ltr'> </span> 
     </span>
    </p>
   </div>
   <div class='ocr_carea' id='block_1_10' title="bbox 112 2143 1378 2474">
    <p class='ocr_par' dir='ltr' id='par_1_10' title="bbox 112 2143 1378 2474">
     <span class='ocr_line' id='line_1_32' title="bbox 119 2143 1375 2205; baseline -0.002 -13"><span class='ocrx_word' id='word_1_202' title='bbox 119 2149 187 2205; x_wconf 84' lang='lat' dir='ltr'>pti</span> <span class='ocrx_word' id='word_1_203' title='bbox 209 2143 294 2192; x_wconf 87' lang='lat' dir='ltr'>effe</span> <span class='ocrx_word' id='word_1_204' title='bbox 319 2147 623 2191; x_wconf 87' lang='lat' dir='ltr'>contendunt:</span> <span class='ocrx_word' id='word_1_205' title='bbox 655 2148 849 2203; x_wconf 88' lang='lat' dir='ltr'>denique</span> <span class='ocrx_word' id='word_1_206' title='bbox 873 2159 1054 2197; x_wconf 81' lang='lat' dir='ltr'>eorum,</span> <span class='ocrx_word' id='word_1_207' title='bbox 1097 2148 1173 2203; x_wconf 90' lang='lat' dir='ltr'>qui</span> <span class='ocrx_word' id='word_1_208' title='bbox 1197 2145 1375 2195; x_wconf 67' lang='grc' dir='ltr'>νοθεωις</span> 
     </span>
     <span class='ocr_line' id='line_1_33' title="bbox 120 2213 1378 2274; baseline 0.002 -16"><span class='ocrx_word' id='word_1_209' title='bbox 120 2213 239 2258; x_wconf 87' lang='lat' dir='ltr'>illam</span> <span class='ocrx_word' id='word_1_210' title='bbox 265 2213 490 2272; x_wconf 86' lang='lat' dir='ltr'>epistolam</span> <span class='ocrx_word' id='word_1_211' title='bbox 511 2222 704 2274; x_wconf 86' lang='lat' dir='ltr'>arguunt</span> <span class='ocrx_word' id='word_1_212' title='bbox 715 2219 763 2257; x_wconf 84' lang='lat' dir='ltr'>et</span> <span class='ocrx_word' id='word_1_213' title='bbox 788 2213 1105 2266; x_wconf 77' lang='lat' dir='ltr'>condemnant,</span> <span class='ocrx_word' id='word_1_214' title='bbox 1139 2225 1378 2273; x_wconf 85' lang='lat' dir='ltr'>argumen-</span> 
     </span>
     <span class='ocr_line' id='line_1_34' title="bbox 112 2280 1378 2339; baseline 0.001 -13"><span class='ocrx_word' id='word_1_215' title='bbox 112 2289 165 2326; x_wconf 68' lang='lat' dir='ltr'>=ta</span> <span class='ocrx_word' id='word_1_216' title='bbox 190 2280 452 2326; x_wconf 86' lang='lat' dir='ltr'>confirmare</span> <span class='ocrx_word' id='word_1_217' title='bbox 476 2289 522 2326; x_wconf 89' lang='lat' dir='ltr'>et</span> <span class='ocrx_word' id='word_1_218' title='bbox 546 2283 674 2325; x_wconf 83' lang='lat' dir='ltr'>nouis</span> <span class='ocrx_word' id='word_1_219' title='bbox 700 2282 971 2339; x_wconf 87' lang='lat' dir='ltr'>argumentis</span> <span class='ocrx_word' id='word_1_220' title='bbox 988 2282 1283 2326; x_wconf 78' lang='lat' dir='ltr'>corroborare</span> <span class='ocrx_word' id='word_1_221' title='bbox 1296 2282 1378 2327; x_wconf 83' lang='lat' dir='ltr'>stu-</span> 
     </span>
     <span class='ocr_line' id='line_1_35' title="bbox 125 2347 1374 2409; baseline 0.001 -16"><span class='ocrx_word' id='word_1_222' title='bbox 125 2349 201 2394; x_wconf 86' lang='lat' dir='ltr'>det</span> <span class='ocrx_word' id='word_1_223' title='bbox 213 2381 227 2398; x_wconf 83' lang='lat'>,</span> <span class='ocrx_word' id='word_1_224' title='bbox 260 2358 416 2394; x_wconf 86' lang='lat' dir='ltr'>contra</span> <span class='ocrx_word' id='word_1_225' title='bbox 428 2349 805 2409; x_wconf 84' lang='lat' dir='ltr'>Hegelmayerum</span> <span class='ocrx_word' id='word_1_226' title='bbox 816 2347 957 2404; x_wconf 88' lang='lat' dir='ltr'>praeci</span> <span class='ocrx_word' id='word_1_227' title='bbox 964 2361 1051 2402; x_wconf 85' lang='lat' dir='ltr'>pue</span> <span class='ocrx_word' id='word_1_228' title='bbox 1062 2348 1283 2391; x_wconf 81' lang='lat' dir='ltr'>dimicans.</span> <span class='ocrx_word' id='word_1_229' title='bbox 1297 2351 1374 2394; x_wconf 81' lang='lat' dir='ltr'>ad-</span> 
     </span>
     <span class='ocr_line' id='line_1_36' title="bbox 125 2412 1376 2474; baseline 0.003 -16"><span class='ocrx_word' id='word_1_230' title='bbox 125 2416 253 2459; x_wconf 83' lang='lat' dir='ltr'>datur</span> <span class='ocrx_word' id='word_1_231' title='bbox 271 2412 460 2459; x_wconf 83' lang='lat' dir='ltr'>Fabricii</span> <span class='ocrx_word' id='word_1_232' title='bbox 482 2416 684 2462; x_wconf 83' lang='lat' dir='ltr'>Salutaris</span> <span class='ocrx_word' id='word_1_233' title='bbox 710 2415 786 2460; x_wconf 72' lang='lat' dir='ltr'>lux</span> <span class='ocrx_word' id='word_1_234' title='bbox 809 2413 1028 2474; x_wconf 83' lang='lat' dir='ltr'>euangelii</span> <span class='ocrx_word' id='word_1_235' title='bbox 1050 2424 1133 2459; x_wconf 88' lang='lat' dir='ltr'>etc.</span> <span class='ocrx_word' id='word_1_236' title='bbox 1154 2417 1376 2462; x_wconf 81' lang='lat' dir='ltr'>Hambur·</span> 
     </span>
    </p>
   </div>
   <div class='ocr_carea' id='block_1_11' title="bbox 127 2483 1219 2545">
    <p class='ocr_par' dir='ltr' id='par_1_11' title="bbox 127 2483 1219 2545">
     <span class='ocr_line' id='line_1_37' title="bbox 127 2483 1219 2545; baseline 0.002 -21"><span class='ocrx_word' id='word_1_237' title='bbox 127 2483 188 2542; x_wconf 88' lang='lat' dir='ltr'>gi.</span> <span class='ocrx_word' id='word_1_238' title='bbox 230 2492 426 2543; x_wconf 72' lang='lat'>173¹·4·</span> <span class='ocrx_word' id='word_1_239' title='bbox 448 2499 547 2545; x_wconf 77' lang='lat' dir='ltr'>pag.</span> <span class='ocrx_word' id='word_1_240' title='bbox 567 2483 800 2541; x_wconf 23' lang='lat' dir='ltr'>⁷2270=sqq.</span> <span class='ocrx_word' id='word_1_241' title='bbox 829 2491 877 2527; x_wconf 84' lang='lat' dir='ltr'>et</span> <span class='ocrx_word' id='word_1_242' title='bbox 903 2497 1000 2540; x_wconf 84' lang='lat' dir='ltr'>pag.</span> <span class='ocrx_word' id='word_1_243' title='bbox 1032 2483 1219 2542; x_wconf 76' lang='lat' dir='ltr'>138-‘sq·</span> 
     </span>
    </p>
   </div>
   <div class='ocr_carea' id='block_1_12' title="bbox 1197 2622 1377 2676">
    <p class='ocr_par' dir='ltr' id='par_1_12' title="bbox 1197 2622 1377 2676">
     <span class='ocr_line' id='line_1_38' title="bbox 1197 2622 1377 2676; baseline 0.006 -13"><span class='ocrx_word' id='word_1_244' title='bbox 1197 2632 1237 2676; x_wconf 73' lang='grc' dir='ltr'>ς.</span> <span class='ocrx_word' id='word_1_245' title='bbox 1274 2622 1377 2665; x_wconf 72' lang='lat' dir='ltr'>Non</span> 
     </span>
    </p>
   </div>
  </div>
 </body>
</html>
