1686 3025
316 251 428 313 446⁷
655 251 658 255 ’
702 249 989 297 GEORGJVS
1012 250 1241 300 PISIDES.

315 392 405 421 rec.
425 378 474 422 in
494 376 657 420 Venet.
686 375 893 433 Corpore
920 375 1123 433 scriptor.
1148 379 1329 436 Byzant.
1348 406 1407 419 —-
1449 388 1577 422 natu·

314 443 430 488 rales
452 440 708 505 quaestiones
729 453 776 488 et
803 458 903 487 cum
927 440 1064 488 Caffio
1098 445 1418 509 iatrosophista,
1446 461 1576 507 grae-

313 527 364 558 ce
407 520 548 569 1596.
597 523 666 555 12.
694 538 751 548 --
785 526 945 570 graece
963 521 1012 555 et
1037 511 1112 558 lat.
1139 527 1242 556 cum
1272 511 1411 558 Caffio
1437 515 1574 559 iatro-

312 576 438 635 soph.
482 592 583 622 cum
611 579 733 622 notis
759 573 897 623 Andr.
919 578 1097 637 Riuini‚
1130 580 1245 637 Lips.
1278 581 1417 639 1653.
1438 594 1484 639 4.
1517 610 1574 621 -..
1610 590 1611 594 ’
1682 604 1686 634 -,

312 643 521 707 Epzstolae
552 644 743 689 morales
772 659 853 704 49.
879 644 1063 690 rusticae
1093 655 1172 697 28.
1201 650 1440 694 amatoriae
1461 651 1574 694 toti·

312 713 432 766 dem,
460 728 526 773 gri
553 713 599 757 in
623 711 814 758 Collecta
842 728 942 770 epp·
970 729 1227 774 graecarum
1242 714 1398 760 Aldina
1430 727 1572 773 1499.

311 794 567 893 ῃοξῗειῗέῗ
613 795 662 824 ac
697 779 771 825 lab.
793 781 842 825 in
863 778 1056 828 Conect.
1084 796 1184 842 epp.
1204 798 1270 844 gr.
1293 781 1369 829 lat.
1394 784 1574 834 Geneu.

411 947 460 992 4.
493 929 692 978 Fabricii
723 937 770 982 B.
804 938 881 983 Gr.
912 935 1017 983 Vol.
1045 938 1122 984 VI.
1146 953 1247 998 pag.
1269 943 1375 991 280.
1404 937 1500 996 qu.
1524 945 1574 985 et

312 1015 424 1062 290.
455 1001 544 1060 sqq.
620 998 913 1064 Hambergeri
946 1008 996 1050 Z.
1021 1006 1075 1051 N.
1101 1005 1201 1049 vol.
1225 1006 1299 1048 ΠΙ.
1326 1021 1427 1066 pag.
1452 1018 1573 1064 479.

309 1099 367 1111 ...-
398 1070 453 1115 In
481 1066 664 1128 Stqschii
694 1071 846 1117 museo
882 1073 1039 1117 critico
1074 1071 1166 1118 vol.
1196 1073 1232 1118 I.
1267 1074 1365 1118 fasc.
1399 1074 1433 1118 Ι.
1468 1088 1570 1131 pag.

314 1141 341 1188 8
367 1167 423 1176 --
453 1151 529 1194 15.
555 1139 614 1180 est
638 1136 847 1180 collectio
863 1140 917 1182 V.
930 1140 979 1191 L.
995 1153 1020 1181 e
1041 1139 1143 1183 cod.
1167 1135 1374 1184 Vosfiano
1394 1138 1570 1183 a-Petro

309 1199 504 1248 Bondam
527 1210 853 1260 excerptatum.

478 1415 763 1495 GEORGIVS
795 1356 994 1513 ajin-i}
1004 1371 1157 1492 {listas
1177 1445 1403 1497 PISIDES.
1496 1421 1500 1424 Β

411 1573 453 1608 1.
487 1563 575 1607 Sub
601 1560 814 1606 Heraclio
847 1564 1121 1622 imperatore
1152 1559 1308 1608 floruit
1321 1595 1337 1621 ,
1395 1568 1444 1608 et
1465 1563 1570 1610 cire·

305 1642 374 1674 an.
388 1640 427 1676 a.
441 1628 524 1676 Ch.
539 1629 568 1673 6
575 1644 645 1690 3o‹
663 1638 709 1674 et
723 1628 820 1686 post
836 1645 905 1675 an.
922 1632 1003 1677 Ch.
1020 1631 1133 1688 640.
1151 1621 1570 1689 fuitqueDiaconus,

304 1696 640 1756 Chartophylax
665 1711 715 1741 ac
734 1699 1072 1745 Referendarius
1096 1696 1297 1743 ecclefiae
1321 1697 1570 1744 Cohstanti·

301 1763 604 1823 nopolitanae.

404 1863 448 1898 2.
488 1853 681 1899 Carmen
712 1850 962 1898 iambicum*
981 1854 1038 1899 de
1065 1854 1222 1899 mundi
1259 1851 1467 1911 opificio,
1522 1860 1570 1898 et

1679 479 1686 568 ἱ

302 1919 454 1964 Senar.
477 1920 535 1964 de
556 1922 751 1967 vanitate
771 1923 914 1975 vitae,
948 1937 1014 1980 gr.
1037 1937 1100 1966 ae.
1126 1921 1199 1967 lat.
1218 1920 1411 1965 verfibus
1426 1922 1570 1966 edidit
1664 1927 1672 1941 “

301 1989 470 2046 primus
490 1984 591 2033 Fea'.
615 1987 845 2044 Morellus‚
899 1988 1049 2034 Lutet·
1091 2001 1108 2030 1
1122 1998 1232 2047 584.
1253 2003 1300 2045 4.
1322 1986 1414 2034 rec.
1448 1989 1566 2045 apud

299 2054 525 2101 Commel.
557 2069 573 2098 1
589 2056 697 2113 596.
722 2062 764 2107 8.
785 2057 830 2098 in
852 2071 1029 2112 corpor.
1063 2063 1187 2114 poet.
1218 2072 1288 2114 gr.
1321 2053 1404 2097 Iac.
1428 2051 1568 2097 Lec‘i‘ii

297 2123 432 2169 Tom.
454 2125 507 2167 11.
531 2137 631 2183 pag.
656 2136 764 2180 241.
791 2133 837 2168 et
862 2122 967 2170 Bibl.
995 2121 1042 2168 P.
1070 2126 1112 2167 P.
1132 2126 1259 2169 Paris.
1296 2125 1434 2180 1644.
1455 2131 1578 2170 torn„

304 2200 378 2248 14.
403 2207 445 2248 p.
474 2193 584 2250 387.
624 2209 676 2222 -·-
717 2205 896 2235 carmen
923 2193 1158 2235 iambicum
1188 2189 1350 2246 duplex
1378 2191 1425 2232 in
1452 2198 1565 2235 tem·

296 2256 423 2316 plum
445 2259 650 2315 deiparae
672 2267 760 2303 etc.
779 2274 964 2318 graece,
999 2258 1096 2316 post
1118 2258 1224 2302 alios
1254 2273 1277 2300 a
1302 2252 1499 2299 Fabricio
1517 2261 1565 2303 Β.

296 2323 375 2370 Gr.
401 2324 506 2372 Vol.
528 2322 625 2370 VII.
647 2327 743 2381 (vbi
767 2342 866 2387 pag.
906 2330 1013 2381 691.
1052 2327 1145 2383 sqq.
1179 2325 1235 2368 de
1268 2323 1420 2369 nostro
1451 2326 1565 2385 agit)

294 2408 397 2453 pag.
415 2394 524 2453 693.
546 2391 774 2438 insertum.
809 2417 876 2428 ——-·
911 2393 1037 2438 Plura
1057 2395 1100 2437 in
1114 2391 1257 2436 lucem
1279 2391 1450 2449 prolata
1465 2393 1566 2438 sune

294 2461 345 2505 in
366 2461 567 2505 editione
602 2461 730 2504 huius
761 2462 1037 2510 sententiae:
1094 2458 1269 2520 G'corgii
1300 2456 1464 2516 Pisidae
1504 2461 1562 2504 de

295 2529 584 2589 expeditione
606 2528 802 2583 Heraclii
825 2539 984 2577 contra
1003 2529 1150 2575 Persas
1165 2561 1178 2583 ,
1220 2527 1414 2573 acroases
1439 2535 1563 2584 tres3

1258 2613 1266 2618 ¹
1310 2614 1315 2621 ³
1338 2611 1345 2620 ‘
1374 2614 1375 2617 ’
1449 2609 1563 2640 elus·
