1753 3005
706 277 708 279 >
731 247 967 297 STRABO.
1423 261 1481 327 13

224 376 302 422 fibi
326 375 603 422 restituendo
621 407 633 430 ‚
670 372 1135 432 annotatiunculisque
1152 371 1489 419 interdumillu-

222 446 399 489 strando
423 446 642 489 Strabone
667 443 893 489 instituere
905 453 991 489 etc.
1064 437 1489 499 Casaubonustamen

222 515 280 558 de
304 512 518 572 Xylandri
544 511 820 572 negligentia
846 513 893 554 in
918 512 1133 568 scriptore
1155 509 1243 554 hoc
1267 508 1491 566 explican—

221 582 282 625 do
312 580 439 625 valde
473 581 688 638 queritur.
752 600 798 610 -ν
839 577 921 622 Ille
942 594 1048 622 vero
1072 577 1235 622 exstitit
1260 578 1489 622 Strabonis

222 649 485 706 sospitator:
525 647 690 703 quippe
714 646 787 702 qui
813 660 968 704 graeca
993 661 1045 690 ex
1068 645 1231 689 Aldino
1265 643 1490 703 exemplo,

221 716 474 773 antiquiore
504 711 705 756 verfione
735 722 781 756 et
811 714 882 758 IV,
919 714 1035 758 MSS·
1072 714 1207 758 codd0
1241 713 1393 771 suique
1417 714 1487 757 in·

221 784 355 843 genii
366 779 599 833 beneficio,
635 780 815 823 vixdum
835 779 1031 824 XXVIII.
1045 795 1184 823 annos
1196 788 1323 824 natus
1336 796 1489 825 emen-

219 851 345 895 dauit
375 857 423 893 et
452 849 782 906 commentariis
814 848 999 892 eruditis
1042 846 1296 900 illustrauit,
1337 849 1488 894 addita

217 916 433 974 Xylandri
467 913 696 968 versione,
752 915 922 960 Geneu.
955 920 1097 971 1587.
1126 913 1203 958 fol.
1242 939 1298 947 —
1335 915 1488 960 Postea

211 979 372 1029 ¹tamen
406 984 763 1028 emendatiorem
800 984 1005 1041 curisque
1041 981 1239 1027 secundis
1262 983 1486 1028 cumulate

221 1060 478 1097 exornatam
513 1058 560 1095 et
594 1048 914 1107 locupletatam
945 1051 1065 1095 idem
1090 1049 1237 1107 paullo
1263 1059 1366 1094 ante
1386 1052 1486 1094 obi-

217 1127 316 1164 tum
335 1120 505 1176 parauit
544 1119 825 1177 editionem'‚
881 1134 991 1175 quae
1025 1118 1236 1162 sexennio
1269 1119 1364 1161 fere
1387 1116 1485 1175 post

219 1187 418 1230 eiusdem
450 1194 677 1238 mortem,
727 1201 832 1230 cum
862 1183 1257 1230 obseruatiunculis
1287 1180 1485 1228 federici

217 1251 396 1295 Morelli
429 1255 478 1297 et
507 1253 726 1296 indicibus
767 1262 859 1298 tam
898 1268 1074 1307 rerum,
1147 1266 1278 1310 quam
1308 1267 1485 1307 eorum,

219 1318 398 1376 quaein
432 1317 483 1364 Is.
516 1321 763 1365 casauboni
795 1322 1124 1365 commentariis
1162 1329 1485 1374 memorantur,

219 1384 447 1441 instruffli,
499 1387 614 1443 typis
645 1389 777 1446 regiis
809 1391 940 1432 Paris.
980 1389 1117 1433 1620.
1153 1387 1232 1432 fol.
1263 1388 1484 1446 exscripta

219 1452 297 1498 est.
333 1479 383 1487 —
425 1455 554 1497 Hanc
589 1452 867 1498 parisiensem
898 1456 1145 1499 editionem
1175 1453 1375 1498 formulis
1409 1464 1483 1515 ty-

217 1518 526 1580 pographicis,
570 1521 710 1576 iisque
742 1521 922 1574 nitidis,
963 1522 1116 1565 recudi
1152 1523 1256 1566 fecit
1291 1518 1483 1565 Theodor

216 1583 384 1643 Iarmfon
409 1600 495 1628 van
517 1584 776 1627 Almeloueen
792 1617 804 1639 ‚
832 1602 932 1630 cum
958 1590 1077 1631 notis
1099 1590 1287 1646 int-egris
1316 1590 1367 1632 G.
1389 1591 1483 1648 Xy-

214 1653 386 1707 landri,
421 1653 474 1699 Is.
497 1651 772 1709 casauboni,
807 1656 850 1696 F.
881 1653 1100 1708 lVIorellii,
1151 1654 1232 1698 lac.
1262 1655 1482 1714 Palmerii,

214 1719 381 1765 selestis
401 1735 511 1765 vero
535 1734 588 1764 ex
614 1720 783 1777 scriptis
807 1723 848 1765 P.
870 1720 1085 1773 Merulae,
1122 1719 1153 1765 I.
1174 1720 1370 1770 Meurfii.
1400 1724 1479 1768 Ph.

216 1787 454 1842 Cluuerii,'
478 1789 526 1832 L.
553 1786 802 1845 Holstenii‚
848 1787 916 1834 Cl.
937 1787 1146 1838 salmam,
1191 1791 1231 1834 S.
1257 1789 1479 1843 Bocharti‚

215 1856 269 1900 Is.
294 1852 455 1908 Voffii,
488 1860 560 1902 ΕΖ.
581 1854 848 1912 Spanhernii‚
880 1855 962 1901 Ch.
978 1855 1155 1901 Cellarii
1182 1856 1478 1915 aliorumque.

214 1923 515 1968 Subiiciuntur
559 1920 937 1968 Chrestomathiae
970 1925 1162 1969 Graecae
1206 1933 1252 1969 et
1283 1926 1479 1979 Latinae,

213 1989 394 2037 Amssel.
425 2002 557 2046 1707.
585 1988 664 2033 fol.
730 1988 957 2035 Nonnulla
986 1994 1118 2036 verba
1153 1995 1198 2036 in
1225 1992 1297 2037 ed.
1323 1993 1479 2037 Casan-

214 2059 324 2102 boni
346 2053 498 2102 omissa
519 2056 591 2101 vel
615 2058 799 2103 subiecit
823 2058 894 2102 vel
925 2061 1067 2103 textui
1095 2060 1306 2104 inseruit:
1357 2062 1478 2104 viro-

213 2140 315 2170 rum
337 2140 448 2170 vero
471 2121 820 2169 dofflffimorum
842 2126 1241 2179 animaduersiones
1258 2127 1334 2171 suo
1351 2144 1478 2184 quas-

213 2208 302 2250 que
321 2192 425 2237 loco
446 2200 662 2237 contexto
689 2192 918 2239 substrauit
939 2194 1248 2239 Almeloueen.
1286 2196 1336 2238 In
1359 2194 1476 2239 mul-

210 2262 268 2311 tis
300 2269 451 2305 tamen
486 2258 595 2303 locis
629 2261 786 2304 Strabo
817 2275 995 2306 manum
1036 2262 1176 2307 adhuc
1210 2260 1478 2308 desiderauit

210 2329 452 2372 medicam:
493 2342 624 2385 quam
646 2327 819 2372 adferre
840 2332 993 2386 coepit
1011 2329 1045 2373 I.
1069 2329 1370 2392 Brequzgniur,
1406 2330 1477 2373 so-

211 2397 302 2438 cius
329 2396 478 2453 regiae
501 2395 726 2452 quondam
739 2396 1077 2452 inscriptionum
1092 2407 1137 2441 et
1161 2396 1475 2440 humaniorum

209 2460 352 2506 litter.
383 2463 630 2506 academiae
653 2463 781 2507 Paris·
824 2462 905 2508 Ille
931 2466 1050 2508 enim
1072 2473 1185 2510 tom.
1223 2477 1262 2510 ι.
1286 2466 1359 2521 qui
1382 2476 1473 2508 tres

207 2530 384 2586 priores
399 2527 537 2576 libros
561 2529 616 2575 ad
641 2527 779 2575 fidem
809 2539 1077 2589 msstorum‚
1129 2533 1367 2592 praecipue
1396 2545 1473 2575 co-

1361 2599 1470 2642 diei:

1597 898 1618 908 ιι*
