1640 3030
530 248 855 298 HEsrczswi.
1226 262 1319 311 351

57 370 228 421 Isidoro
259 375 536 421 narrationes
569 391 657 421 vna
686 374 902 421 orationis
937 372 1049 419 serie
1085 363 1327 434 exscriptas

61 440 147 489 effe
167 452 214 491 et
237 444 550 503 imprudenter
575 444 847 489 coniunttas.

597 583 638 634 §.
708 593 731 624 2
775 611 785 625 .

474 591 904 714 HESYCsiIVS.

170 794 205 826 1.
245 780 435 832 Quando
458 782 633 836 vixerit,
665 796 760 825 non
773 780 870 825 satis
883 778 1188 841 cognitumest
1202 794 1326 826 com·-

60 855 350 906 pertumque,
393 866 436 894 v.
467 849 578 892 Saxe
611 851 660 893 in
684 848 909 894 Onomast.
936 850 1007 896 lit.
1025 851 1059 893 Ι.
1082 865 1183 909 pag.
1208 849 1329 906 464.

60 915 159 972 sqq.
184 918 257 972 qui
276 917 331 959 ad
354 916 438 961 Ch.
467 929 575 975 399.
601 932 703 960 eum
724 916 903 974 adligat,
936 915 1330 978 etvariorumsen-

61 982 224 1026 tentias
250 997 298 1026 ac
315 985 539 1041 rationes,
573 984 784 1041 idemque
819 983 1057 1028 doitorum
1090 983 1331 1028 hominum.

15 1069 21 1075 ·
63 1049 401 1094 obseruationes
443 1051 615 1095 criticas
651 1051 700 1094 in
740 1050 997 1096 Obseruatt.
1034 1050 1327 1097 miscellaneis

61 1118 216 1162 obuias
240 1117 484 1177 diligenter
507 1118 724 1163 recenset.
792 1117 893 1163 Post
915 1118 1154 1164 concilium
1166 1121 1329 1165 Nicae-

64 1199 174 1229 num
204 1192 253 1230 et
285 1185 503 1244 Gyrillum
536 1184 912 1246 Alexandrinum,
952 1186 1119 1231 saecula
1141 1187 1328 1232 demum

64 1253 119 1298 V.
159 1261 208 1298 et
240 1251 316 1296 V1.
349 1260 539 1311 propter
586 1253 798 1297 vocabula
843 1246 1059 1312 quaedam
1099 1253 1329 1299 christiana

65 1326 177 1364 tunc
210 1323 303 1364 fere
334 1322 554 1378 temporis
591 1329 692 1366 orta
730 1319 920 1368 collocat
954 1337 1059 1367 eum
1087 1320 1243 1366 Sallier
1281 1324 1332 1367 in.

66 1385 265 1431 Historia
286 1387 414 1432 Acad.
442 1389 571 1432 Paris.
594 1391 628 1432 I.
651 1397 699 1433 et
724 1390 767 1434 Β.
795 1386 846 1433 L.
869 1388 968 1433 Vol.
993 1391 1069 1436 111.
1097 1405 1198 1450 pag.
1209 1404 1329 1448 402.

69 1469 123 1498 ex
152 1456 532 1513 interpretatione
569 1456 885 1501 Gottschediae
930 1459 1210 1517 germanica,
1240 1455 1330 1501 siue

68 1521 250 1568 v010V1.
271 1523 345 1567 ed.
359 1525 489 1569 Paris.
513 1540 561 1580 p.
591 1537 681 1583 203
707 1524 768 1582 sq.
789 1527 862 1569 vbi
885 1535 1043 1570 contra
1066 1526 1230 1571 Fabric,
1244 1527 1333 1569 dis·

0 1620 1 1647 ἶ
69 1597 215 1648 putat.
283 1593 416 1635 Hanc
436 1607 545 1635 vero
572 1592 832 1648 opinionem
855 1589 942 1636 effe
963 1609 1117 1652 vagam
1133 1603 1181 1638 et
1203 1592 1343 1638 valde-

0 1667 1 1677 *
71 1657 265 1709 dubiam,
301 1673 354 1701 ex
378 1660 444 1710 iis,
478 1673 589 1715 quae
612 1658 874 1716 sequuntur,
911 1660 1035 1704 facile
1063 1663 1249 1719 patebit.

175 1735 219 1769 2.
250 1722 428 1782 Scripsit
447 1726 641 1768 Lexicon
668 1724 756 1768 fiue
780 1722 1031 1785 glossarium
1055 1744 1263 1787 graecum
1276 1745 1334 1774 ex

68 1793 365 1853 grammaticis
389 1793 615 1837 veteribus
637 1793 947 1850 compilatum,
985 1804 1033 1839 et
1055 1795 1333 1853 exemplisil-

71 1859 314 1907 lustratum.
377 1862 497 1906 Num
517 1859 781 1904 Christianus
807 1864 958 1922 fuerit,
994 1878 1078 1907 nec
1101 1879 1172 1915 ne,
1205 1863 1333 1908 valde

74 1930 209 1974 etiam
234 1928 485 1983 dubitatum
508 1928 583 1973 est.
649 1931 712 1974 Ex
736 1930 827 1973 eius
850 1927 994 1989 glossis
1017 1931 1201 1988 quidem
1223 1930 1339 1977 nihil

74 1998 188 2042 certi
211 1993 387 2040 definiri
412 1994 570 2053 potest.
638 1998 788 2055 Atque
819 1994 1094 2040 Ruhnkenius
1120 2001 1167 2042 in
1195 2003 1339 2056 praef.

73 2064 130 2109 ad
151 2066 288 2108 Tom.
313 2065 365 2107 ΙΙ.
395 2062 568 2116 statuit,
601 2078 684 2107 nos
708 2079 794 2108 nec
818 2080 929 2122 opus
959 2067 1214 2126 integrum,
1250 2082 1340 2111 nec

74 2133 129 2177 ab
164 2131 262 2189 ipso
290 2130 513 2189 Hesychio
547 2133 863 2176 concinnatum
895 2132 1083 2184 habere3
1129 2134 1206 2178 sed
1244 2136 1341 2192 epi-

76 2206 237 2246 tomen
262 2214 286 2242 a
307 2199 444 2243 dotto
469 2197 716 2244 Christiano
741 2199 888 2243 forsan
911 2201 1081 2254 fatiam,
1119 2203 1195 2259 qui
1221 2201 1344 2262 glos·

78 2266 142 2311 sas
166 2265 344 2310 biblicas
369 2281 423 2314 ex
451 2265 620 2309 biblicis
651 2262 864 2325 glossariis
880 2301 891 2319 ‚
919 2282 1106 2324 quarum
1131 2267 1251 2313 nulla
1276 2273 1346 2314 fu-

80 2335 119 2378 it
139 2335 306 2392 inopia,
340 2342 388 2378 et
409 2349 463 2377 ex
501 2329 713 2394 glossariis
746 2333 1014 2394 theologicis
1044 2335 1201 2382 adsuit.
1273 2336 1347 2385 Cl.

81 2407 234 2447 tamen
262 2397 402 2444 Scholv
432 2402 480 2444 in
515 2404 650 2458 praef.
684 2416 782 2461 pag.
815 2404 891 2447 VI.
914 2403 976 2460 sq.
1008 2404 1262 2458 contendit,
1296 2407 1347 2450 in

83 2468 270 2525 antiquo
301 2467 544 2527 archetypo
565 2468 776 2527 Hesychii
812 2468 990 2514 lexicon
1036 2467 1160 2516 fuisse
1201 2469 1348 2518 multo

83 2536 282 2595 breuius,
316 2542 365 2583 et
384 2535 545 2586 seriem
569 2535 820 2590 litterarum
840 2535 1169 2597 diligentissime
1204 2540 1353 2585 serua-‘-

1242 2614 1352 2662 tam,
