1686 3025
293 253 385 316 ¹88
772 246 1055 292 LVCJANVS.

281 368 381 429 &us
403 374 450 417 in
473 372 575 417 affis
602 371 727 415 erud.
751 371 870 428 Lips.
893 386 930 418 a.
967 383 1107 429 1727.
1131 388 1228 433 pag.
1265 386 1374 432 255.
1409 374 1539 422 Adde

285 439 526 487 Moshemii
545 439 706 483 iudicia
729 439 776 482 in
800 438 934 483 Thes.
950 437 1540 501 epistol.Lacroziano‚tom.

284 511 322 555 I.
349 523 448 567 pag.
472 505 584 552 266.
613 519 719 562 272.
738 505 858 561 '278.
891 506 1112 552 Moshem.
1136 515 1276 565 putat,
1310 508 1538 568 dialogum

282 574 412 620 illum
434 569 520 620 effe
543 572 686 618 statim
707 572 805 632 post
828 573 1062 621 concilium
1079 577 1324 621 Nicaenum
1347 578 1392 622 in
1424 575 1539 622 ludi-

285 644 432 687 brium
468 642 753 687 decretorum
796 643 886 687 eius
920 658 944 687 a
979 642 1166 700 sophista
1210 645 1402 702 quodam
1433 659 1539 689 con·

281 711 508 768 scriptum,
530 711 664 767 idque
682 711 808 755 variis
830 712 1100 765 argumentis
1117 717 1178 755 ‘ex
1205 708 1426 768 phrasibus
1461 727 1539 768 pe-

280 778 391 828 titis,
423 778 478 821 ad
503 793 606 835 quas
628 775 897 834 potissimum
932 778 985 821 ad
1017 786 1209 823 aetatem
1241 776 1539 825 definiendam

278 844 333 890 fit
356 846 675 890 recurrendum
691 877 703 898 ,
732 845 777 890 se
807 843 1170 891 confirmaturum
1191 848 1418 904 promittit
1442 846 1561 906 pag.'

280 913 393 957 266.
413 922 458 958 at
479 928 580 973 pag.
609 919 720 970 278.
747 910 1048 974 persuasfirnus
1069 912 1161 964 est,
1205 912 1457 959 christianos
1490 916 1537 958 in

277 980 460 1040 dialogo
494 979 757 1036 Philopatris
788 996 882 1024 non
918 976 1005 1025 effe
1046 980 1284 1029 tradue‘ms.
1364 981 1535 1024 Ibidem

275 1064 377 1109 pag.
411 1062 488 1106 97.
524 1046 713 1094 Crellius
756 1048 941 1093 G'esneri
988 1048 1234 1093 sententiae
1268 1043 1534 1092 snbscribe're

278 1131 375 1160 non
397 1114 510 1160 vult.
577 1113 639 1156 La
665 1114 794 1158 Croze
817 1116 865 1158 in
890 1113 1010 1171 epist.
1031 1115 1086 1158 ad
1108 1113 1455 1161 Iablonsk.tom.
1477 1116 1532 1161 ΙΙ.

277 1182 471 1228 thesauri
491 1190 577 1226 ete.
599 1191 699 1240 pag.
729 1182 833 1237 164.
862 1181 953 1239 sqq.
974 1183 1088 1225 varia
1109 1183 1289 1224 Luciani
1310 1180 1408 1236 loca
1432 1181 1534 1237 ten?
1581 1211 1590 1224 .

275 1257 344 1295 tat
362 1242 659 1308 illustratque,
702 1263 750 1292 ac
775 1247 1173 1309 Pseudologistam‚
1228 1250 1389 1305 probat
1420 1246 1530 1292 locis
1556 1284 1558 1287 ,

273 1315 378 1363 Luc.
405 1332 506 1376 pag.
528 1326 624 1373 443
648 1323 693 1361 et
714 1316 830 1373 446.
853 1324 986 1372 atque
1009 1332 1060 1360 ex
1083 1313 1306 1359 scholiaste
1327 1330 1425 1376 pag.
1447 1329 1531 1373 40.

269 1385 429 1429 nonin
459 1382 736 1427 Polieudium
770 1381 1018 1440 sophistam,
1055 1391 1106 1427 vt
1133 1382 1352 1428 Mamilius
1384 1390 1533 1440 notat,

270 1452 351 1496 sed
398 1452 447 1495 in
485 1449 771 1494 Timarchum
801 1449 1134 1498 Antiochenum
1175 1447 1262 1494 effe
1304 1450 1531 1508 scriptum,

270 1529 408 1576 atque
433 1518 673 1563 Lucianum
692 1518 746 1561 ad
770 1517 903 1564 sacras
923 1516 1091 1564 litteras
1142 1516 1354 1566 adludere
1374 1517 1531 1563 videri.

270 1587 386 1631 adde
428 1583 648 1633 Nloshem.
684 1585 778 1628 ibid
826 1593 941 1632 tomo
978 1583 1030 1630 Π.
1065 1600 1165 1644 pag.
1203 1584 1283 1647 68.
1324 1607 1392 1617 --
1460 1585 1527 1629 De

267 1655 426 1706 Luci0‚
457 1651 504 1697 h.
534 1668 572 1697 e.
596 1649 943 1707 metamorphofi
967 1651 1012 1694 in
1036 1649 1213 1704 asinum,
1254 1666 1347 1694 non
1370 1665 1527 1695 omnes
1551 1678 1553 1682 .
1617 1656 1621 1659 '

270 1720 574 1767 consentiunt,
651 1714 843 1780 melam!
865 1718 918 1761 ad
937 1716 1187 1762 versionem
1225 1718 1343 1763 suam
1374 1727 1526 1777 negat,

266 1788 511 1834 Lucianum
548 1799 651 1837 eum
675 1800 699 1830 e
726 1785 847 1830 Lucii
877 1783 1087 1829 Patrensis
1123 1779 1274 1844 λόγοις
1296 1800 1527 1848 μεταμορ-

268 1849 453 1915 φώσεως
477 1857 692 1907 furatum,
733 1848 970 1896 reddidisse
1007 1854 1285 1905 breuiorem,
1318 1850 1439 1897 nulla
1473 1851 1526 1896 il-

266 1922 354 1970 lius
389 1922 495 1966 fasta
529 1922 790 1975 mentione,
844 1928 893 1966 et
925 1921 1159 1977 opinatur,
1218 1920 1397 1969 Lucium
1427 1934 1524 1968 non

269 1986 499 2049 exstitisse,
535 1987 839 2037 testimonium
860 2002 970 2030 vero
1002 1987 1118 2044 apud
1141 1985 1349 2035 Photium
1382 1986 1439 2030 de
1464 2001 1520 2030 eo

267 2058 476 2103 aseriore
502 2057 740 2112 scriptore,
769 2056 842 2112 qui
869 2054 1084 2110 personae
1113 2069 1135 2097 a
1167 2055 1360 2105 Luciano
1396 2051 1521 2102 ,fidiae

266 2127 388 2171 suam
424 2122 671 2183 adfignaret
708 2120 923 2179 fabulam,
954 2118 1039 2166 esse
1070 2121 1332 2178 profemstum.
1401 2121 1522 2172 Con·
1565 2113 1574 2129 ⁸

266 2202 336 2238 tra
356 2192 427 2236 alii
447 2193 668 2247 iudicant,
700 2189 982 2235 wielandum
1003 2188 1167 2235 nullam
1193 2184 1385 2239 habuiffe
1415 2189 1519 2232 rati-

267 2275 404 2305 onem
423 2258 599 2317 Apuleii
620 2255 809 2316 aequalis
846 2255 1284 2314 metamorphoseon,
1320 2270 1431 2318 quae
1452 2262 1523 2320 ta·-

261 2343 372 2374 men
397 2343 421 2372 e
447 2327 653 2386 longiore
678 2326 869 2384 quodam
888 2323 1040 2372 libello
1063 2319 1334 2375 romanensi,
1379 2321 1515 2381 qualis

265 2397 391 2441 Lucii
423 2393 536 2439 liber
570 2389 692 2438 suiffe
728 2393 920 2448 dicitur,
978 2389 1149 2439 haustae
1188 2390 1413 2441 videntur.
1449 2411 1517 2424 -—-

262 2459 450 2509 Librum
473 2476 581 2505 vero
605 2456 902 2517 desaltatione
921 2459 1111 2507 Luciano
1134 2458 1325 2517 abnegat
1358 2457 1516 2502 censor

264 2528 597 2588 wielandianae
626 2527 1008 2591 interpretationis
1038 2527 1086 2575 in
1119 2523 1289 2590 ephem.
1320 2523 1512 2636 littzrar.

1443 2600 1515 2641 Ot-
