1640 3030
548 272 869 322 HESYCHIVS.
1239 289 1337 338 435

76 398 356 446 christianum
379 408 555 459 praeter
579 400 686 445 alios
703 397 906 456 IVLIustus
918 394 1180 456 Christianus
1201 397 1334 443 Thor.

60 465 305 527 fihmidius
338 471 384 512 in
414 467 617 527 singulari
650 465 742 516 diss'.
775 469 830 513 de
868 468 1122 527 Hesychio,
1163 466 1335 523 illustri,

77 535 340 590 christiano,
382 535 698 595 VVittebergae
733 536 868 591 1716.
887 551 971 579 rec.
999 534 1102 580 inl
1121 534 1208 580 vol.
1234 539 1332 580 He·

77 602 243 661 sychii,
279 605 350 649 ed
369 602 557 652 Albert
581 602 837 664 prolegom
861 601 937 648 fol
958 603 1001 647 h.
1016 607 1035 659 )
1065 603 1240 648 idoneis
1262 618 1331 648 ar-

73 674 300 731 gumentis
324 672 473 716 euicit.

175 751 219 784 2.
256 741 319 782 Ex
343 754 483 796 opere
507 740 706 792 maiore,
741 736 916 782 historia
937 735 1146 782 chronica
1171 753 1194 782 a
1220 697 1329 782 Belo

72 801 248 862 Assyrio
293 822 431 864 vsque
467 807 521 850 ad
558 816 754 852 mortem
788 806 1068 862 imperatoris
1108 804 1331 859 Anastasii,

74 875 374 931 fragmentum
398 873 607 918 sectionis
631 873 776 917 sextae
801 872 993 930 superest
1013 868 1060 914 de
1089 869 1331 932 orzginibus

71 947 114 980 et
139 933 433 1000 rebuspatriis
443 938 857 1000 Constantinopoleos,
872 940 994 995 quod
1009 940 1229 998 Georgius
1243 941 1332 985 Co-

72 1005 202 1050 dinus
227 1004 441 1063 excerpsit
461 1015 508 1050 et
533 1006 737 1050 seruauit.
807 1006 932 1048 Idem
957 1004 1207 1063 Hesychius
1222 1009 1330 1049 Dio..

71 1075 238 1132 genem
275 1074 498 1116 Laertium
547 1069 664 1130 quafi
704 1073 751 1114 in
785 1073 1101 1128 compendium
1134 1073 1330 1132 redegit,

72 1136 324 1196 composito
351 1138 504 1183 libello
538 1136 585 1180 dc
605 1141 722 1181 viris
748 1135 949 1181 docerz‘na
969 1137 1114 1183 claris.
1186 1143 1333 1186 Multa-

68 1213 223 1251 tamen
257 1205 391 1251 habet
424 1205 687 1269 HesychiuS‚
726 1221 838 1264 quae
867 1207 914 1249 in
938 1207 1146 1266 Diogene
1173 1207 1328 1252 frustra·

73 1275 264 1331 quaeris

178 1354 220 1399 3.
255 1340 342 1384 Hic
374 1337 550 1384 libellus
578 1336 631 1383 de
654 1340 768 1384 viris
790 1337 921 1383 claris
944 1341 1134 1397 primum
1157 1342 1331 1399 prodiit:

72 1422 234 1469 graece
249 1406 556 1453 ebibliotheca
572 1409 856 1459 losambuci,
880 1411 1166 1468 Antwerpiae
1189 1423 1331 1467 1572.

77 1481 122 1527 8.
156 1476 389 1533 separatim
425 1475 647 1519 subiumsta
685 1475 745 1519 est
776 1473 918 1518 verfio
941 1475 1075 1520 latina
1101 1474 1329 1520 Hadriani

71 1541 195 1585 Iunii
225 1558 326 1588 cum
353 1544 550 1587 eiusdem
567 1543 929 1588 adnotationibus
956 1551 1002 1587 et
1032 1535 1330 1603 castigationi-

74 1610 180 1663 bus,
213 1635 272 1644 -—
306 1625 465 1669 graece
487 1620 534 1654 et
559 1610 691 1656 latine
714 1624 812 1653 cum
824 1609 941 1651 Iunii
961 1609 1161 1654 versione
1186 1613 1332 1656 notis-—

74 1691 165 1735 que
195 1684 241 1721 et
265 1678 394 1720 noui‘s
422 1676 550 1719 Henr.
577 1673 1242 1736 Stephanianimaduersionibus
1270 1678 1327 1722 ad

73 1743 239 1789 calcem
253 1745 466 1801 Diogenis
480 1744 656 1801 Laertii‚
681 1759 733 1787 ex
755 1741 927 1787 officina
942 1745 1150 1800 Stephani
1183 1759 1198 1788 1
1214 1759 1327 1801 594.

78 1816 126 1862 8.
148 1825 236 1855 reci
261 1811 469 1854 Geneuae
501 1811 636 1865 1615.
669 1816 710 1861 8.
741 1834 799 1843 -—
868 1813 1180 1869 Fragmentum
1201 1811 1330 1864 illud,

73 1875 163 1921 fine
193 1876 354 1922 selecta
380 1879 436 1922 de
470 1878 714 1938 originibus
737 1876 1218 1936 Constantinopoleos‚
1251 1879 1329 1924 sub

19 1958 21 1960 ’
73 1946 262 1989 nomine
289 1945 459 2005 Georgii
481 1942 654 1994 Codinz‘,
691 1947 865 2001 primus»
879 1960 1037 2003 graece
1061 1957 1108 1990 et
1132 1947 1206 1991 iat.
1231 1949 1327 1990 edi-

76 2012 145 2057 dit
159 2012 308 2072 Georg.
326 2012 483 2064 Douza,
505 2011 832 2072 Heidelbergae
858 2013 971 2069 apud
992 2014 1179 2057 Hieron.
1197 2016 1329 2059 Corn-

75 2079 228 2124 melin.
266 2079 405 2135 1596.
436 2086 475 2130 8.
503 2081 776 2124 rec.Geneu.
812 2080 949 2137 1697.
978 2085 1018 2130 8.
1048 2105 1105 2114 -——-
1177 2083 1330 2125 Nleur-

75 2144 158 2192 fius
188 2141 391 2204 Hctsy‘tchii
415 2143 608 2206 opuscula
632 2160 698 2205 gr.
724 2157 770 2190 et
797 2145 871 2191 lat.
891 2148 1043 2197 edidit,
1081 2148 1217 2206 Lugd.
1236 2152 1327 2195 nat.

81 2216 224 2273 1613.
260 2220 303 2274 8⁰.
337 2215 410 2268 vbi
444 2216 743 2273 fragmentum
778 2211 884 2256 illud
922 2229 974 2257 ex
998 2215 1098 2259 cod.
1128 2214 1327 2258 Palatino

74 2279 154 2325 sub
175 2294 285 2324 vero
299 2281 509 2336 Hesychii
530 2283 712 2324 nomine
734 2281 949 2339 integrius
975 2279 1171 2340 vulgauit
1193 2290 1330 2339 atque>

78 2346 310 2404 explicuit:
359 2347 556 2391 libellum
590 2363 698 2391 vero
733 2350 789 2391 de
830 2349 930 2391 viris
969 2349 1167 2391 doctrina
1202 2348 1328 2391 claris

78 2428 180 2457 cum
209 2416 320 2457 Iunii
353 2417 728 2472 interpretatione
752 2415 959 2471 notisque
982 2415 1062 2458 suis
1081 2424 1128 2459 et
1151 2419 1208 2459 H.
1231 2419 1328 2460 Ste-

78 2480 227 2538 phani
319 2484 440 2526 Haec
468 2484 612 2527 editio
648 2485 839 2540 repetita
873 2480 956 2527 est
1000 2484 1045 2526 in
1084 2485 1115 2528 Ι
1151 2480 1330 2527 Meurfii

79 2547 220 2607 OPP·
225 2547 419 2596 Florent.
441 2551 547 2598 edit.
573 2552 704 2597 Tum.
731 2552 822 2595 VH.
848 2564 891 2605 p.
919 2559 1028 2594 201.
1049 2550 1143 2610 sqq
1170 2573 1234 2582 --—
1256 2564 1329 2593 res

818 2617 891 2663 Ee
922 2629 948 2660 2
1162 2619 1329 2678 patriae
