1727 3005
298 247 358 299 3²
753 230 1115 283 APOLLONIVS.

291 356 511 420 intelligit
524 357 757 407 Simonem
773 361 979 419 Magum,
1028 359 1078 402 in
1112 358 1214 415 asiis
1237 350 1427 420 apostol.
1451 362 1554 408 ‘me-

292 436 545 478 moratum;
588 427 662 476 sed
683 425 808 470 illum
842 424 1248 486 praestigiatorem,
1306 432 1381 488 qui
1406 433 1554 475 Nero-

289 497 362 541 nis
389 503 596 552 tempore
622 508 849 537 romanam
867 493 1041 552 irrepsit
1061 493 1312 546 ecclesiam,
1345 496 1477 541 alium
1497 499 1551 542 ab

289 561 373 607 isto
400 564 578 607 Simone
598 561 867 616 Samaritano
883 593 896 615 ‚
930 576 1087 605 verum
1109 560 1259 620 postea
1283 577 1367 620 pro
1389 562 1476 608 hoc
1489 566 1552 609 si-

289 645 429 674 mone
444 663 456 681 ,
485 636 561 673 aut
586 643 670 685 pro
682 629 859 673 Simone
879 628 1132 674 resuscitato
1150 628 1364 676 habitum.
1393 632 1554 686 Porro,

289 697 479 741 discedit
496 711 520 739 a
533 696 712 753 Crozio‚
744 706 860 754 rato,
889 693 1064 744 nullam*
1081 696 1312 754 Apollonii
1332 705 1436 742 ante
1451 697 1552 749 Phi-

288 762 460 809 lostrati
482 761 644 807 fabulas
666 766 822 807 famam
847 760 958 814 effe;
1009 762 1201 808 Wolfius
1232 766 1352 808 enim
1385 779 1547 810 conce·

290 832 359 876 dit
379 831 560 889 quidem
585 826 672 874 effe
694 830 1135 876 multaaPhilostrato
1151 832 1334 877 absurde
1347 831 1550 892 confidat,

289 897 523 943 hominem
546 906 697 943 tamen
722 907 770 944 et
801 906 932 943 antea
965 913 1169 959 magnam
1207 901 1398 945 nominis
1435 900 1550 945 cele-

284 967 499 1010 britatem
530 964 770 1025 praestigiis
808 963 1098 1024 conquisitam
1134 963 1339 1012 habuisse.
1420 969 1549 1012 Haec

283 1035 465 1078 vberius
490 1032 716 1090 explanat,
750 1040 882 1091 atque
907 1033 963 1076 de
998 1036 1217 1091 nummis,
1271 1034 1428 1091 quibus
1453 1049 1548 1079 me-

287 1102 430 1145 moria
450 1101 532 1144 viri
559 1100 589 1144 s.
611 1099 861 1157 impostoris
882 1099 998 1144 istius
1029 1100 1289 1146 conseruata
1309 1099 1394 1154 est,
1425 1101 1547 1146 aede

286 1167 493 1214 telesticis
529 1168 818 1227 imaginibus,
864 1175 912 1212 et
947 1167 1005 1212 de
1040 1167 1127 1212 alio
1167 1170 1261 1228 agit
1297 1166 1546 1226 Apollonio

287 1234 563 1281 Calchedon.
585 1233 853 1292 philosopho
875 1232 1030 1289 stoico,
1061 1235 1119 1280 de
1140 1251 1230 1294 quo
1245 1244 1292 1281 et
1304 1235 1395 1280 aliis
1411 1234 1546 1293 Apol-

285 1302 420 1348 loniis
475 1303 530 1346 ad
582 1303 765 1346 Fabricii
829 1303 878 1349 Β.
914 1303 988 1347 Gr.
1020 1302 1111 1348 vol.
1140 1305 1216 1350 ΙΙΙ.
1273 1317 1374 1361 pag.
1434 1315 1547 1362 539.

285 1369 414 1429 plura
439 1366 598 1426 scripsi.
661 1370 790 1414 Idem
814 1368 1033 1415 Nloshem.
1047 1371 1094 1412 in
1107 1368 1219 1413 thes·
1240 1383 1312 1427 ep.
1325 1368 1430 1412 ibid.
1441 1384 1545 1430 pag.

290 1450 405 1494 274.
424 1435 492 1490 se,
527 1438 717 1489 fatetur,
741 1435 925 1489 nescire,
958 1450 1044 1480 nec
1067 1431 1259 1493 potuiffe
1277 1433 1454 1484 aliunde
1476 1452 1547 1481 re·

283 1504 491 1556 sciscere,
523 1517 632 1546 num
657 1501 910 1547 Gaulminus
927 1517 1083 1546 reuera
1105 1503 1299 1549 ediderit
1314 1502 1546 1560 Apollonii

280 1572 482 1630 Tyanaei
507 1562 783 1633 νυχθήμερον
806 1570 1049 1628 magicum,
1077 1585 1100 1612 a
1123 1568 1165 1613 se
1193 1571 1376 1627 quidem
1393 1570 1544 1631 vulga·

284 1648 384 1685 tum
402 1634 516 1689 effe,
549 1637 713 1681 diserte
735 1637 887 1681 scribit
911 1635 1123 1678 Gaulmin.
1147 1636 1204 1680 de
1228 1639 1317 1684 vita
1352 1646 1399 1683 et
1419 1652 1542 1682 mor-

282 1715 332 1753 te
359 1703 505 1750 Nloifis
520 1719 619 1764 pag.
650 1703 740 1762 369
763 1703 834 1747 ed.
853 1704 978 1746 Paris.
1004 1718 1101 1764 pag.
1122 1713 1273 1748 tamen
1307 1710 1418 1760 278.
1440 1717 1542 1749 nar-

283 1782 378 1823 rat,
411 1772 456 1816 se
481 1763 757 1834 νυχθήμερον
789 1768 920 1820 illud,
971 1773 1258 1830 nugatorium
1287 1770 1541 1830 nulliusque

280 1840 442 1900 pretii,
469 1839 651 1883 demum
671 1832 943 1882 inueniffein
955 1841 1072 1882 notis
1086 1839 1139 1882 ad
1161 1837 1360 1884 Psellum.
1394 1838 1541 1884 Adfir-

279 1917 397 1959 mat,
422 1905 764 1966 chronologiam
789 1901 1044 1962 ineptissimi
1065 1906 1310 1952 Philostrati
1323 1903 1445 1965 posse
1461 1907 1541 1950 mi-

281 1978 403 2020 nime
425 1971 682 2027 consistere,
719 1982 766 2018 et
790 1973 846 2017 de
864 1972 1166 2018 telesmatibus
1190 1966 1422 2031 Apollonii
1453 1969 1540 2018 dis-

280 2038 458 2087 seruiffe
489 2043 676 2098 Arpium
695 2039 811 2084 libro
834 2041 891 2084 de
924 2040 1264 2085 Telismanibus.
1291 2065 1350 2076 -
1397 2040 1536 2100 Apol-

277 2108 428 2157 lonius
451 2106 555 2162 iste,
585 2109 782 2166 quamuis
807 2117 854 2153 et
873 2107 964 2165 ipse
998 2103 1143 2153 fuiss'et
1164 2107 1403 2167 impostor,
1449 2119 1535 2154 eta

279 2175 546 2223 Philostrato
573 2175 783 2236 aliisque,
817 2174 969 2220 multis
1004 2173 1201 2220 consistis
1235 2176 1421 2230 tabulis,
1465 2176 1533 2219 ni-

278 2247 361 2289 mis
383 2242 603 2288 laudatus:
641 2242 956 2300 tamennostra
985 2252 1128 2288 aetate
1146 2245 1390 2300 aquodam,
1424 2244 1534 2287 doc-

276 2314 422 2357 trinae
461 2310 714 2355 christianae
746 2313 951 2363 inimico,
1007 2311 1061 2354 ad
1094 2310 1215 2354 hanc
1246 2310 1532 2363 irridendam,
1600 2343 1603 2347 .

277 2377 495 2424 miraculis
517 2377 634 2423 istius
660 2377 914 2433 celebratis,
964 2376 1195 2431 defensus,
1255 2386 1303 2423 et
1331 2386 1532 2432 ornatus,

275 2456 411 2505 atque
433 2460 534 2490 cum
561 2444 761 2504 Christo,
798 2446 946 2492 sotere
977 2443 1146 2501 nostro,
1179 2443 1393 2490 malitiose
1408 2459 1531 2489 corn·

273 2523 448 2575 paratus
473 2511 534 2559 est
565 2515 612 2558 in
642 2511 786 2560 libro:
843 2508 1089 2572 Gcwiffheit
1127 2507 1203 2556 der
1235 2508 1530 2624 Belveisiqdcls

1441 2588 1493 2643 ΡΟ
1511 2603 1530 2614 ·

1720 927 1722 934 <
1720 870 1727 893 *n
1726 843 1727 848 Α
1721 795 1727 824 :ff
1720 656 1727 778 Jffljflf
1722 614 1724 616 -
1722 586 1725 591 .
1723 526 1727 547 ,Α
1724 484 1726 509 ,-
1724 428 1725 441 ᾼ
