1763 3000
382 230 404 247 N

1464 243 1494 275 V

240 374 338 408 rum
365 367 413 407 et
434 357 638 412 historiae
661 350 975 411 ecclesiasticae·
991 348 1234 398 cultoribus
1258 347 1495 398 necess‘aria

240 496 506 556 plerumque
517 479 693 539 videtui
712 508 724 536 :
744 498 905 536 notatu
916 495 1090 544 tanturn
1106 487 1327 549 digniora,
1358 502 1494 547 quan-

329 589 339 611 ὅ

244 640 290 678 ta
323 631 432 678 fieri.
459 630 614 688 potuit
639 626 899 680 sbreuitate,
954 623 1026 668 hic
1063 622 1369 683 explanentur.
1446 623 1502 668 In
1585 677 1588 680 ι

244 765 333 813 fine
365 763 620 825 posterioris
655 763 792 821 partis
815 760 1053 830 ¹corrigam
1074 767 1253 819 peccata
1266 791 1283 819 ‚
1316 761 1364 804 in
1386 773 1499 820 quae

248 902 408 955 incidi,
439 897 779 962 typographica.

264 1056 275 1065 ’-
346 1035 471 1082 TVO
487 1042 636 1081 autem
658 1031 744 1076 No
756 1030 945 1087 MINI,
977 1033 1040 1076 mi
1059 1029 1300 1078 DEGENI!
1338 1029 1505 1078 hancce

252 1177 425 1229 partem
464 1184 520 1215 eo
546 1167 773 1214 lubentius
795 1168 1013 1223 inscribo,
1049 1182 1140 1226 quo
1164 1167 1337 1227 gratior
1360 1182 1384 1211 a
1406 1164 1503 1225 plu-

253 1306 372 1349 ribus
395 1305 519 1350 annis
542 1306 663 1349 TVA
679 1304 787 1348 mihi
815 1303 987 1362 semper
1005 1312 1101 1348 erat
1121 1304 1338 1348 memoria
1357 1309 1505 1348 mutu-

256 1454 394 1497 aeque
426 1437 601 1483 nostrae
624 1438 948 1483 coniundtionis
974 1445 1022 1484 et
1039 1453 1150 1483 vero
1176 1435 1508 1483 necessitudinis
1586 1485 1588 1487 ,

255 1571 527 1621 recordatIO.
592 1573 794 1629 Namque
851 1584 991 1627 quum
1042 1577 1168 1614 annis
1220 1571 1380 1615 abhinc
1413 1574 1509 1615 fere

255 1705 421 1752 XXVII
462 1706 638 1752 TVVM
685 1701 1044 1749 adolescentulus
1068 1705 1334 1765 Coburgum
1356 1720 1379 1749 a
1414 1720 1512 1749 reu.

261 1850 388 1901 patre
403 1841 527 1886 TVO
546 1837 693 1884 miffus
725 1836 847 1893 essm,
876 1847 927 1885 vt
948 1839 1116 1884 ciuibus
1137 1838 1367 1900 gymnasii,
1391 1841 1513 1899 quod

262 1978 322 2022 ibi
336 1976 486 2034 floret,
515 1977 749 2021 academici
771 1976 1100 2021 adscribereris:
1139 1991 1226 2036 ego
1239 1977 1315 2020 TE
1326 1983 1517 2033 propter

267 2113 490 2171 pudorem
533 2121 581 2157 et
613 2112 853 2156 candorem
874 2112 1030 2164 animi,
1065 2112 1236 2171 ingenii
1263 2108 1519 2156 facilitatem

270 2256 318 2292 et
363 2247 646 2300 suauitatem,
708 2256 755 2292 et
796 2245 1049 2293 litterarum
1081 2246 1298 2289 bonarum
1332 2244 1522 2289 studium

267 2384 443 2440 meique
464 2382 789 2427 obseruantiam
813 2384 874 2427 ita
897 2381 1084 2442 diligere
1109 2381 1254 2438 coepi,
1288 2387 1350 2434 vt,
1374 2395 1522 2438 quam.

190 2557 192 2560 ,
269 2516 345 2560 diu
361 2514 530 2573 litteras
550 2518 612 2562 ibi
628 2518 791 2562 docere
803 2516 943 2562 adhuc
964 2515 1073 2559 mihi
1083 2514 1223 2576 licuit,
1246 2530 1398 2560 amore
1409 2516 1524 2573 patri

934 2600 955 2625 *
996 2612 1016 2655 3
1403 2597 1525 2642 TVO
