1686 3025
281 266 390 322 460
780 256 900 305 PHO
910 259 1052 311 TIVS.

286 386 351 432 tit
377 383 641 443 scholiisque
672 381 904 432 illustrauit
929 382 1066 432 Andr.
1087 382 1304 443 schottus,
1336 389 1378 440 S.
1399 390 1436 437 1.
1459 392 1551 438 Au·
1620 423 1621 426 ,
1649 354 1655 424 εΙ
1682 426 1683 446 ἢ

162 437 166 440 ¹
195 455 198 457 ’
268 452 442 515 .gustae
477 453 611 498 Vind
655 453 794 500 1606.
833 452 911 500 fol.
926 454 1167 500 iudiciav.
1193 458 1249 502 D.
1277 458 1334 502 de
1355 457 1428 503 illa
1449 474 1553 505 ver·
1607 484 1620 507 u
1650 465 1652 501 ἰ

284 520 478 567 fionev
499 536 567 580 ap.
593 515 722 566 Fabr.
743 519 774 566 l.
797 537 836 568 c.
862 537 963 584 pag.
986 533 1101 581 379.
1127 524 1242 569 adde
1263 522 1550 581 Hbmsterhus.

284 591 344 635 ad
378 576 558 634 Lucian.
573 595 701 634 tom.
724 591 758 634 Ι.
777 605 875 651 pag.
900 604 1019 649 407
1042 590 1101 647 a.)
1133 613 1196 626 -—
1233 588 1550 658 Μυξιὸβιβλον

274 677 312 711 n
341 651 617 713 Βιβλισθῆκη
652 664 734 702 etc
769 673 837 718 gr.
872 673 926 703 ex
947 657 1204 705 recensione
1229 669 1278 706 et
1298 677 1400 706 curn
1425 663 1549 707 notis
1618 672 1619 675 ’
1650 693 1653 715 :

282 723 548 772 Hoeschelii
571 723 708 770 latine
735 726 932 771 reddidit
952 737 1004 772 et
1017 725 1189 772 scholiis
1211 729 1334 775 auxit
1355 725 1551 773 Andreas
1597 762 1605 767 -
1649 729 1654 756 ³

281 781 480 838 Schottus
503 800 588 840 etc.
625 794 794 839 Geneu.
824 794 968 854 1613.
994 793 1074 842 fol.
1109 795 1382 858 Rothomagi
1406 796 1550 858 1653·

258 860 369 930 ζ..ί“ο1
439 863 577 909 Conf.
616 859 654 908 Ι
690 860 826 906 Henr.
862 858 1028 905 Leichii
1060 865 1307 909 Diatribam
1328 868 1375 909 in
1399 861 1550 911 Photii
1645 856 1654 882 ¹

276 928 621 983 Bibliothecam‚
641 927 807 988 Lipsiae
829 918 1030 989 ¹748·AE
1044 931 1120 990 qui
1139 939 1186 977 et
1205 939 1383 978 textum
1396 947 1551 978 emen·
1596 947 1601 951 “
1649 924 1656 946 ⁹
1678 971 1680 980 ,

256 997 413 1058 ,dauit'
451 1006 500 1044 et
542 994 809 1042 versionem.
904 998 1079 1043 Nouam
1114 997 1366 1053 editionem
1396 999 1547 1046 moliti

277 1074 415 1113 erant
434 1067 637 1111 Boerner
664 1073 712 1111 et
734 1067 768 1110 Ι.
783 1062 931 1122 Chph.
945 1065 1081 1112 Wolf.
1096 1068 1401 1112 v.Lacrozian.
1426 1067 1543 1114 thes·
1652 1103 1655 1118 „

263 1132 458 1189 epistol.
494 1141 608 1178 tom.
638 1134 693 1175 11.
725 1147 773 1189 p.
806 1129 921 1188 264.
947 1131 1057 1188 265.
1085 1133 1196 1188 267.
1218 1137 1333 1191 269.
1354 1141 1402 1180 et
1430 1148 1545 1193 270.
1618 1161 1622 1164 >

276 1201 354 1243 vbi
383 1212 566 1257 quoque
601 1200 867 1249 nunciatur,
915 1198 1306 1255 Caperonnerium
1340 1204 1546 1247 omnium
1650 1191 1656 1214 ³

259 1263 428 1311 -Photii
459 1281 653 1324 operum
689 1266 940 1310 editionem
962 1279 1141 1322 parare
1128 1299 1143 1323 ,
1183 1267 1382 1327 ideoque
1408 1267 1546 1315 Wol-
1630 1293 1631 1296 ¹

272 1331 383 1381 fium
402 1335 613 1380 editionis
637 1330 872 1379 confilium
893 1330 1113 1379 abiecisse.

374 1400 608 1465 Epssolae,
665 1417 746 1460 per
785 1396 1000 1446 Richard.
1043 1401 1365 1446 Montacutium
1389 1395 1543 1450 latine
1626 1387 1655 1462 ,Ἴ

267 1470 509 1528 redditae,
564 1478 617 1516 et
646 1471 770 1515 notis
806 1456 992 1514 subinde
1019 1468 1282 1525 illustratae,
1343 1452 1543 1517 Londini

265 1540 422 1597 165¹.
455 1537 537 1585 fol.
584 1563 630 1572 —
691 1535 911 1595 Epistolae
945 1539 999 1583 V.
1029 1551 1215 1597 graece,
1251 1539 1432 1585 editore
1452 1539 1541 1583 An-

266 1601 422 1652 thimo.
451 1607 694 1664 Episcopo
712 1607 874 1651 Remn.
915 1615 1057 1663 1705.
1094 1605 1171 1650 fol.
1193 1606 1251 1650 de
1276 1606 1344 1651 his
1367 1615 1417 1654 et
1434 1606 1541 1653 reli·
1615 1660 1619 1665 .

260 1676 370 1733 -quis
409 1673 557 1719 Photii
588 1672 784 1731 epistolis
819 1687 869 1717 ac
889 1673 1152 1730 quibusdam
1175 1673 1395 1731 opusculis
1412 1675 1539 1733 apud

266 1740 618 1797 combelisium,
653 1739 936 1787 Cotelerium
961 1747 1010 1784 et
1030 1738 1252 1786 Canisium
1272 1757 1317 1788 v.
1340 1737 1541 1786 Fabricii

264 1811 319 1855 B.
334 1811 410 1855 Gr.
434 1811 504 1853 IX
524 1823 626 1869 pag.
655 1820 765 1884 519.
791 1807 887 1866 sqq.
911 1816 961 1851 et
983 1802 1269 1868 Hambergcri
1289 1812 1336 1854 Z
1356 1811 1416 1857 N.
1435 1809 1535 1855 Vol.

266 1878 344 1923 111.
380 1891 482 1937 pag.
523 1876 637 1933 657.
672 1876 748 1934 qui
781 1874 979 1935 reliquos
1007 1873 1141 1919 etiam
1162 1878 1358 1921 minores
1385 1876 1536 1924 Photii

264 1942 442 1993 libellos
468 1940 740 2003 potissimum
761 1941 1048 2001 theologicos
1071 1944 1406 1990 recensuerunt.
1462 1947 1535 1991 De

264 2014 379 2060 edit.
411 2008 631 2054 Anthimii
662 2011 860 2069 copiose
882 2011 1030 2070 agitur
1073 2018 1121 2055 et
1154 2012 1338 2056 Fabricii
1369 2014 1534 2060 notitia
1611 2032 1616 2035 ·

263 2080 559 2128 emendatur
548 2094 595 2122 1n
607 2078 938 2139 Baumgartenii
950 2075 1252 2123 Nachrichten
1269 2094 1361 2124 von
1384 2078 1534 2126 merk-

257 2149 501 2209 wurdigen
517 2146 721 2191 Biichern
737 2146 1018 2202 torn.V11.p.
1035 2158 1089 2203 51
1107 2157 1145 2190 1.
1158 2145 1252 2206 sqq.
1264 2148 1338 2192 vbi
1350 2162 1533 2208 quoque

253 2233 307 2278 „p
334 2218 444 2276 506.
466 2215 559 2274 sqq.
576 2214 864 2268 recensentur
884 2207 1032 2254 Photii
1054 2212 1160 2260 bibl.
1184 2215 1254 2259 ed.
1267 2215 1530 2261 Hoeschelii

239 2294 311 2331 et
335 2280 483 2326 Photis·
505 2299 609 2342 epp.
633 2282 740 2329 edit
774 2281 1070 2332 Nlontacutii‚
1109 2281 1140 2326 s.
1170 2272 1428 2344 Montague
1451 2292 1530 2331 aut

259 2354 532 2412 Mountagu.
563 2366 662 2411 pag.
697 2357 848 2396 autem
890 2362 1003 2408 503.
1035 2348 1127 2408 sqq.
1197 2345 1347 2393 Photii
1367 2375 1433 2385 —
1468 2352 1527 2397 de

254 2418 574 2467 consolatione
605 2420 659 2463 ad
697 2418 928 2463 Eusebiam
968 2412 1157 2460 libellus·
1183 2418 1351 2464 Graece
1378 2419 1526 2465 editus

255 2501 366 2535 cum
397 2487 780 2544 interpretatione
808 2484 886 2532 lat.
919 2490 970 2532 et
1009 2484 1253 2532 emendate.
1332 2482 1528 2530 Cunradi

215 2540 219 2542 ¹
255 2550 538 2613 thtemhus
499 2568 550 2603 ι
575 2563 664 2604 etc.
690 2554 1006 2619 Noribergae,
1045 2552 1186 2603 1601.
1210 2558 1257 2610 8.
1288 2579 1343 2592 —
1406 2553 1527 2602 Pho·
1576 2590 1588 2605 .

1469 2621 1527 2669 tii
