1640 3030
526 263 643 310 PHo
653 260 794 313 TIVS.
1188 258 1287 321 461

33 394 89 439 tii
135 390 316 452 epistola
358 390 411 435 ad
457 390 730 452 Georgium,
773 383 1113 445 metropolitam
1155 383 1296 429 Nico-

0 452 3 468 '
37 462 211 507 mediae
245 462 302 505 de
342 459 541 504 Choricii
572 460 618 502 in
652 459 751 503 cod.
787 459 903 502 Ven.
939 465 988 502 et
1019 452 1186 518 Nlatrit.
1211 447 1297 509 est,

36 530 182 588 paucis
205 528 386 572 mutatis
402 560 415 584 ,
445 541 620 570 merum
646 524 888 570 Photianae
906 522 1200 569 bibliothecae
1224 533 1298 563 ca-

38 605 123 655 put
157 597 288 641 CLX.
321 610 362 640 v.
400 592 559 639 Villois.
582 595 736 638 anecd.
762 607 945 653 graeca,
979 588 1170 638 tom.11.
1194 601 1299 646 pag·

44 664 118 708 16.
143 664 206 722 sq.
229 685 298 696 --·
367 661 401 706 Ι.
420 659 568 718 Christ.
594 659 708 719 Wolf
719 663 765 705 in
787 661 939 705 Anecd
978 660 1146 721 graecis
1167 655 1305 701 sacris

41 740 90 777 et
123 734 239 789 prof.
269 733 407 776 Tom.
433 733 464 775 1.
495 740 543 775 et
563 732 613 775 11.
644 729 780 774 libros
803 727 950 774 Photii
978 737 1169 787 quatuor
1189 722 1301 768 con·

38 806 108 844 tra
140 799 418 843 Manichaeos
447 796 765 857 repullulantes
796 811 954 857 graece
982 805 1032 842 et
1047 795 1185 843 latine
1203 796 1302 840 edi·
1334 796 1339 799 ’

41 867 110 912 dit
141 875 276 924 atque
294 866 535 911 illustrauit.
1101 862 1108 866 ’

137 933 399 975 Nomocanon
434 933 580 977 Photii
602 954 669 964 --
693 946 794 975 cum
812 933 1144 976 commentariis
1169 927 1304 975 Theo-

40 995 142 1044 dori
154 996 447 1056 Balsamonis,
471 998 739 1044 patriarchae
761 998 1057 1045 Antiocheni:
1094 999 1186 1051 (de
1208 1014 1306 1057 quo

42 1069 146 1113 vide
169 1067 326 1124 infra‚)
370 1062 689 1128 Chrzstophorus
725 1063 913 1121 Iustellus
938 1080 993 1110 ex
1029 1065 1305 1112 bibliotheca

29 1135 238 1181 =>Palatina
274 1150 394 1179 nunc
425 1136 619 1192 primum
651 1147 813 1192 graece
847 1134 1001 1178 edidit.
1071 1130 1306 1181 Access'ere

47 1204 246 1249 eiusdem
267 1202 414 1247 Photii
429 1235 440 1253 ,
469 1201 560 1246 Nili
587 1200 907 1257 Metropolitae
928 1202 1089 1256 Rhodi,
1117 1211 1165 1246 et
1181 1205 1307 1247 Ano-

48 1273 175 1331 nymi
207 1277 419 1315 tractatus
440 1269 497 1313 de
521 1269 708 1325 Synodis
735 1270 1063 1322 oecumenicis,
1099 1281 1154 1314 ex
1176 1270 1308 1314 bibli-

50 1339 212 1383 otheca
233 1335 492 1393 Sedanenfi,
524 1339 576 1380 ab
603 1337 768 1380 eodem
792 1335 948 1389 Iustello
970 1352 1089 1381 nunc
1111 1339 1310 1395 primum

50 1420 213 1466 graece
239 1406 379 1458 editi,
424 1404 625 1450 Lutetiae
647 1402 844 1448 Parifior.
868 1404 983 1463 apud
1006 1404 1308 1452 Abrahamum

49 1472 227 1518 Pacard.
266 1472 406 1531 1615.
442 1487 489 1531 4.
564 1471 770 1516 Seorsum
795 1473 962 1517 adiecta
997 1471 1058 1518 est
1080 1474 1308 1531 interpre-

52 1545 167 1587 tatio
190 1541 340 1586 latina.
364 1550 369 1552 '
409 1544 708 1585 Nomocanon
729 1563 794 1572 —-
829 1542 1080 1599 interprete
1105 1537 1166 1583 H?
1195 1546 1337 1601 Agy„

52 1606 170 1663 laco,
210 1610 321 1656 ibid.
363 1609 465 1653 eod.
499 1623 637 1653 anno,
730 1610 889 1663 Hanc,
930 1623 1060 1668 quam
1092 1605 1312 1666 poffideo,

55 1678 308 1722 editionem
343 1677 591 1727 fabricius,
631 1675 705 1732 qui
737 1690 839 1735 pag.
873 1682 983 1733 558.
1012 1677 1077 1732 sq.
1105 1677 1160 1721 de
1186 1691 1313 1734 prae-

54 1744 183 1789 stanti
207 1743 286 1787 hac
310 1742 580 1788 collectione
604 1757 698 1785 non
721 1744 861 1786 modo
885 1758 1110 1788 canonum
1138 1743 1314 1802 aposto-

53 1810 245 1856 licorum
265 1819 314 1855 et
338 1808 632 1854 conciliorum
656 1809 829 1863 decem,
857 1825 968 1868 quae
990 1826 1147 1872 graeca
1174 1811 1316 1856 susce-

56 1880 126 1937 pit
159 1876 364 1936 ecclefia‚
399 1877 471 1922 sed
510 1885 686 1934 patrum
721 1890 902 1936 quoque
939 1879 1235 1937 scriptorum,
1268 1881 1317 1924 in

57 1960 282 1990 canonum
328 1945 638 1989 auctoritatem
675 1955 986 2002 receptorum,
1048 1944 1174 1991 fufius
1207 1948 1320 2007 agit,

59 2013 169 2058 haut
197 2021 446 2069 memorat,
477 2027 561 2056 nec
595 2014 929 2073 Hambergerus
952 2030 1055 2074 pag.
1080 2018 1193 2072 659.
1216 2015 1319 2059 satis

16 2101 23 2108 ·
59 2082 269 2125 adcurate
302 2079 490 2124 indicatz
539 2081 855 2137 interpretatio
891 2084 1011 2125 enim
1045 2081 1204 2138 latina,
1253 2081 1323 2127 vti-

60 2147 245 2200 monui,
281 2146 512 2203 separatim
546 2147 663 2190 edita
688 2157 737 2192 et
759 2149 876 2204 tvpis
908 2149 1126 2207 descripta
1151 2148 1225 2194 est.
1252 2172 1323 2184 --

65 2217 259 2272 repetita
291 2212 353 2258 est
385 2211 456 2259 illa
484 2214 651 2266 editio,
709 2213 909 2272 praefixis
940 2216 1086 2262 Photii
1119 2220 1163 2260 in
1194 2216 1322 2263 suum

64 2281 441 2335 Nomocanonem
472 2283 810 2342 prolegomenia
827 2313 840 2335 ‚
872 2283 1086 2328 hactenus
1108 2300 1202 2328 non
1226 2285 1324 2328 edi-

69 2353 156 2402 tis,
192 2364 259 2409 gr.
295 2357 345 2394 et
375 2350 449 2394 lat.
492 2351 541 2393 in
570 2348 683 2396 Guil,
705 2349 841 2393 Voetli
866 2351 1073 2397 Biblioth.
1096 2353 1202 2397 iuris
1225 2367 1323 2400 can.

70 2426 165 2464 vet.
190 2419 326 2461 Tom.
353 2419 407 2461 11.
431 2433 532 2477 pag.
555 2425 671 2476 785.
697 2416 829 2465 Paris.
864 2420 1000 2466 1661.
1028 2418 1107 2464 fol.

170 2482 352 2529 Photius
383 2483 550 2543 scripsit
583 2485 790 2545 Leman,
825 2487 948 2545 quod
986 2489 1032 2531 in
1054 2496 1172 2533 msto
1194 2485 1254 2531 est
1276 2487 1325 2531 in

73 2549 261 2613 lingna,
316 2559 366 2598 et
401 2554 598 2601 breuiter
636 2556 822 2615 exponit
854 2554 1090 2612 vocabula,
1132 2555 1327 2611 oratori-

1247 2623 1328 2666 bus
