1686 3025
273 290 368 337 492
440 274 699 322 MICHAEL
738 249 1179 325 CONSTANTINV'S
1208 278 1462 334 PSELLVS.

270 404 353 449 uit.
391 401 538 449 Lutet.
576 402 705 445 Paris.
737 403 931 448 Hieron.
965 405 1178 449 Drouart.
1220 406 1361 465 1615.
1403 413 1444 460 8.
1477 408 1539 463 *)·

269 468 424 515 Versio
458 471 533 516 lat.
550 469 620 514 >est
640 468 760 511 Petri
782 469 976 522 Moy-elli,
1011 473 1140 516 Paris.
1174 470 1382 530 1577.'8.
1410 481 1535 533 qnae-

269 541 404 584 etiam
443 539 580 584 exstat
612 539 658 582 in
681 536 784 583 bibl.
813 541 891 585 PP.
914 554 1026 583 max.
1061 541 1200 599 Lugd.
1227 550 1339 585 tom.
1363 545 1521 588 XVIII.

265 622 370 667 pag.
403 612 518 664 589.
556 622 625 667 gr.
661 617 709 651 et
739 605 816 651 lat.
854 622 908 651 ex
941 608 1012 652 ed.
1049 609 1178 654 Paris.
1199 623 1289 653 rec.
1314 625 1338 653 e
1364 611 1520 655 museo

263 673 383 718 Dan.
416 672 750 735 Hasenmiilleri.
820 673 966 719 Kilon.
1009 675 1148 726 1688.
1183 688 1254 720 12.
1289 703 1349 711 -
1416 677 1524 721 Ber-

262 736 387 784 nard
412 742 460 785 in
484 742 605 800 epist.
631 742 683 786 ad
712 740 939 787 Reiskium
960 744 1006 787 in
1030 742 1157 786 huius
1177 743 1266 788 'vita
1292 760 1390 805 pag.
1409 745 1521 802 276.

261 825 349 868 pro
383 808 578 871 ἔνεργέιω
608 810 654 852 in
685 808 786 853 libri
815 811 1110 868 inscriptione
1145 813 1372 872 corrigere
1397 811 1523 858 malit

260 874 496 941 ἐναργέα,
539 880 640 935 quia
670 875 831 922 Psellus
867 876 954 922 hoc
977 880 1022 921 in
1048 877 1164 922 libro
1189 894 1283 923 non
1306 889 1398 924 tam
1418 896 1523 939 pro-

257 945 414 989 batum
451 942 574 990 iuiffe
595 947 833 990 daemonas
869 947 1067 1004 operari,
1103 961 1233 1004 quam
1257 949 1407 1005 potius
1442 964 1523 992 vo·

253 1009 394 1067 luiffe‚
410 1015 616 1070 formam,
633 1029 716 1072 qua
737 1014 1016 1070 adparerent.
1036 1013 1285 1059 describere
1301 1016 1522 1062 videatur.

354 1103 422 1115 --
456 1083 593 1125 Iambi
632 1083 678 1124 in
724 1083 827 1127 vitia
868 1090 915 1126 et
960 1082 1163 1138 virtutes,
1212 1082 1425 1141 Anagoga
1468 1085 1522 1127 in‘

255 1147 511 1201 Tantalum,
547 1147 773 1206 Allegoria
786 1148 842 1191 de
858 1147 1070 1205 Sphinge,
1107 1147 1322 1208 Anagoga
1355 1151 1403 1192 in
1424 1151 1519 1201 Cir.

254 1230 382 1268 cem,
437 1231 506 1275 gr.
544 1213 689 1258 studio
730 1211 906 1270 Arsenii
931 1213 1123 1270 archiep.
1157 1213 1513 1262 Monembafiaet

252 1284 380 1328 inter
410 1279 634 1326 Praeclara
667 1280 779 1324 dicia
803 1278 1175 1339 philosophorum
1194 1290 1279 1326 etc.
1345 1277 1516 1328 Romae

253 1351 289 1396 s.
314 1366 352 1396 a.
385 1355 428 1402 8.
480 1374 524 1385 -
593 1350 732 1393 lambi
755 1350 801 1392 in
826 1349 931 1392 vitia
952 1356 1000 1392 et
1022 1349 1209 1393 virtutes
1228 1382 1239 1401 ‚
1271 1356 1318 1394 et
1343 1349 1513 1409 allego-

251 1417 373 1478 riae,
406 1432 579 1478 graece.
613 1432 703 1462 rec.
738 1431 838 1460 cum
869 1411 1117 1458 Heraclidis
1147 1414 1319 1459 Pontici
1342 1415 1512 1478 allego·
1562 1463 1569 1468 ,

251 1486 345 1532 riis.
413 1484 534 1531 Basil.
561 1485 678 1542 apud
702 1485 769 1528 Io.
793 1484 983 1542 Oporin.
1015 1495 1156 1541 1544.
1191 1509 1250 1518 —-
1286 1499 1388 1529 cum
1414 1486 1512 1530 Ari-

251 1552 354 1601 stot.
380 1551 536 1598 libello
564 1553 621 1597 de
643 1553 798 1601 virtut.
817 1567 884 1612 gr.
909 1553 1156 1611 Argentor.
1196 1552 1339 1608 1560.
1371 1558 1413 1604 8.

347 1619 536 1669 oracula
566 1621 736 1679 magica
767 1617 1037 1672 Zoroastris‚
1074 1633 1175 1662 cum
1211 1618 1386 1663 scholiis
1411 1618 1508 1664 Ple-

244 1687 400 1733 thonis
431 1696 478 1734 et
510 1684 641 1745 Pselli
673 1702 795 1735 nunc
817 1689 1011 1746 primum
1037 1687 1175 1737 editi,
1204 1702 1228 1730 e
1257 1685 1361 1731 bibl.
1384 1689 1507 1748 regia

241 1753 388 1800 studio
412 1754 470 1799 Io.
496 1751 707 1816 Opsopoei.
773 1753 906 1801 Paris.
936 1749 1076 1815 1599.
1104 1760 1147 1806 8.
1175 1758 1295 1800 conf.
1315 1754 1507 1815 Frqytag

240 1823 395 1882 adpar.
426 1822 512 1868 litt.
537 1823 612 1867 III.
633 1835 733 1879 pag.
755 1834 836 1878 95.
865 1821 958 1882 sqq.

307 1883 315 1886 “
340 1913 413 1928 νε·
446 1887 636 1938 Libellus
663 1889 720 1932 de
743 1887 937 1945 lapidum
959 1889 1210 1934 virtutibus.
1278 1884 1396 1935 Phil.
1415 1887 1517 1933 Iac.-

237 1954 507 2018 Mauffizcux,
540 1957 706 2016 primus
727 1954 939 2017 vulgauit‚
973 1954 1051 2000 lat.
1076 1957 1241 2008 vertit,
1278 1962 1327 2001 et
1349 1971 1504 2001 emen·

238 2029 377 2073 dauit.
451 2023 642 2073 Tolosae
679 2018 821 2080 1615.¹
839 2029 881 2074 8.
906 2049 965 2057 —
1011 2039 1077 2083 gr.
1101 2032 1148 2068 et
1173 2022 1246 2067 lat.
1272 2021 1357 2079 (ex
1387 2039 1502 2070 vers·

234 2090 481 2150 Mauffaci,)
519 2107 621 2140 curn
642 2091 762 2139 notis
790 2087 867 2137 Ph.
892 2089 975 2134 Iac.
991 2088 1203 2147 Mazstaci
1224 2098 1272 2134 et
1288 2088 1346 2135 Io.
1359 2087 1502 2153 Steph.

237 2156 461 2211 Bernardi
473 2191 485 2213 ‚
521 2161 544 2216 ζ
558 2160 633 2217 qui
657 2174 710 2202 ex
737 2157 990 2205 coniedlura
1011 2165 1159 2203 textus
1181 2159 1312 2202 verba
1346 2174 1502 2203 ernen-

235 2232 344 2283 dare
365 2226 607 2284 sustinuit.)
631 2229 734 2277 Ace.
760 2229 916 2289 fragm.
940 2226 997 2275 de
1019 2223 1175 2275 colore
1198 2225 1417 2285 sanguinis
1444 2239 1500 2270 ex

1291 2293 1501 2342 doctrina.

290 2419 333 2470 ²)
357 2418 475 2461 Confi
498 2414 686 2467 rFreyeag.
720 2419 850 2470 adpar.
869 2418 943 2457 lite.
966 2425 1058 2458 tom.
1082 2421 1149 2462 ΙΙΙ.
1176 2428 1264 2468 pag.
1294 2424 1394 2455 100..
1411 2417 1494 2466 sqq.

341 2477 409 2516 vbi
441 2487 599 2524 quoque
631 2476 679 2512 de
719 2477 843 2524 prima
874 2474 1048 2517 versione
1073 2473 1230 2513 IVIarfilii
1252 2473 1392 2514 Ficini,
1422 2473 1492 2521 qui

342 2540 520 2577 excerpta
540 2530 669 2575 dedit,
701 2544 786 2569 cum
809 2531 1015 2571 Iamblicho
1040 2532 1200 2580 aliisque
1222 2534 1318 2569 Ven·
1340 2542 1400 2577 ap.
1425 2530 1494 2567 Al·

340 2593 435 2631 dum
475 2595 592 2636 1497·
619 2588 698 2635 sqq.
719 2589 767 2624 de
792 2588 951 2628 Mol-elli
970 2601 1068 2631 vers.
1082 2590 1129 2626 de
1148 2589 1224 2626 hoc
1240 2585 1352 2629 Pselii.
1373 2584 1488 2632 libro,

250 2670 252 2673 v
319 2672 322 2673 ν
341 2645 547 2698 Pselloque
570 2646 710 2682 multus
732 2643 798 2684 est.

1576 1570 1604 1606 Ι
