1640 3030
391 216 651 279 {IOANNES
685 216 984 268 STOBAEVS,
1224 235 1319 284 399

0 312 1 336 l
54 360 157 392 tum
179 361 289 392 vero
321 351 472 393 totum
495 351 590 391 fere
624 347 868 392 Stobaeum
891 338 1201 403 interpolasse,
1233 346 1322 392 iam

57 416 383 460 adnotauimus.
452 415 607 460 Additi
633 415 734 458 sunt
761 415 867 471 Cyri
894 408 1102 455 Theodori
1116 411 1319 472 dialogus

60 482 239 526 senariis
265 484 458 527 iambicis
473 492 562 531 etc.
592 490 719 541 gr.et
738 480 812 526 lat.
829 480 934 527 Plat.
949 480 1099 538 opusc.
1116 481 1172 525 de
1192 480 1322 540 iusto,
1351 526 1354 529 ,

5 558 12 564 “
61 559 108 594 et
119 549 234 593 aliud
245 552 283 594 ei
295 551 573 607 adscriptum,
586 564 640 592 an
653 550 787 594 virtus
799 549 951 592 doceri
962 543 1096 606 possit
1106 557 1189 593 etc.
1202 547 1275 595 lat.
1286 568 1323 583 -

59 612 227 660 &abaci
242 620 539 671 Sententiae,
599 630 664 677 gr.
702 625 750 661 et
779 614 941 670 latine,
991 630 1091 659 cum
1109 617 1324 660 ‘admixtis

63 683 341 731 collestaneis
363 687 401 731 S.
426 686 602 729 Maximi
643 692 690 729 et
718 686 821 729 Ant.
855 679 1077 740 Meliffae‚
1122 686 1325 728 Francof.

65 766 119 811 ex
150 749 275 797 offic.
307 753 448 797 Andr.
485 749 683 797 Wechel.
733 757 852 810 1581
894 750 971 797 fol.
1047 753 1108 795 Ex
1141 749 1327 797 molesta

63 818 323 866 confufione
350 820 455 865 alius
482 822 676 877 capitum
700 833 911 863 numerus
939 824 1064 864 ortus
1086 816 1165 875 est,
1197 818 1325 862 alius-

63 902 152 944 que
175 888 306 931 ordo.
389 890 535 938 Quare
563 879 811 939 Fabricim,
855 888 927 943 qui
959 887 1004 928 in
1037 888 1082 929 B.
1119 887 1194 930 Gr.
1223 885 1327 930 Vol.

62 953 181 1000 VIII.
207 951 327 1000 Libr.
357 956 410 999 V.
436 969 528 1010 cap.
558 966 633 1011 30.
667 953 808 1008 capita
839 953 1050 997 editionis
1076 951 1330 997 WVechelia.

63 1036 147 1066 nae
186 1036 287 1066 cum
317 1020 409 1065 aliis
444 1020 547 1064 edd.
584 1019 789 1073 Stobaei‚
843 1021 1021 1063 Maximi
1059 1026 1108 1064 et
1139 1019 1329 1065 Antonii

0 1080 3 1084 λ
65 1085 466 1147 comparassessde
489 1081 798 1146 possessoribus
829 1094 876 1131 et
907 1085 1146 1131 lestoribus
1178 1088 1329 1133 diuer-

11 1172 37 1191 *κ
66 1157 212 1201 sarum
234 1158 340 1204 edd.
366 1155 581 1214 plaeclare
618 1155 797 1198 meruit.
820 1178 889 1187 --
962 1157 1196 1213 Integrum
1229 1157 1330 1200 Sto-

68 1227 228 1268 haeum
252 1224 505 1281 separatim,
540 1221 787 1278 itidemque
810 1223 1048 1266 Maximum
1069 1231 1116 1266 et
1138 1224 1329 1266 Antoni-

67 1307 146 1336 um
184 1287 396 1336 Meliffam
423 1290 619 1335 seorsum
652 1288 833 1334 exhibet
861 1290 1001 1335 editio
1018 1321 1031 1342 ,
1067 1305 1178 1347 quae
1204 1290 1332 1348 supe-

68 1360 262 1403 rioribus
286 1358 471 1416 praestat
496 1365 544 1402 et
568 1357 777 1414 inscripta
809 1356 895 1401 est:
941 1351 1109 1399 Stobaci
1142 1359 1334 1402 Senten-

69 1429 161 1472 tiae
185 1442 239 1471 ex
259 1426 472 1471 thesauris
496 1414 760 1485 graecorum
799 1424 1014 1471 deiectae.
1095 1425 1199 1483 Cyri
1226 1422 1333 1468 The-

69 1489 191 1536 odori
223 1492 451 1553 dialogus,
501 1493 557 1536 de
589 1493 809 1536 amicitiae
842 1491 988 1536 exilio.
1057 1491 1334 1550 opuseulum

67 1560 245 1615 Platoni
282 1562 576 1618 adscriptum,
634 1561 691 1603 de
723 1558 854 1605 iusto.
946 1558 1079 1604 Aliud
1118 1562 1337 1618 eiusdem,

70 1642 128 1672 an
156 1630 292 1674 virtus
315 1628 469 1671 doceri
491 1621 638 1683 poffit.
705 1628 824 1670 Huic
846 1627 1036 1671 editioni
1063 1624 1339 1674 accesserunt

72 1695 273 1740 eiusdem
295 1693 472 1736 Ioannis
496 1689 661 1734 Stobaez·
683 1691 951 1752 Eclogarum
977 1693 1251 1752 physicarum
1287 1703 1338 1740 et

72 1761 319 1807 ethicarum
348 1760 451 1805 libri
490 1759 594 1806 duo.
662 1761 777 1804 Item
809 1760 898 1804 loci
937 1776 1201 1805 communes
1238 1763 1339 1807 sen-

71 1831 339 1883 tentiarum,
410 1825 588 1873 collecti
624 1843 704 1884 per
736 1829 988 1872 Antonium
1018 1839 1067 1874 et
1097 1832 1339 1876 Maximum

71 1896 343 1954 monachos,
382 1905 516 1953 atque
541 1895 594 1938 ad
620 1896 800 1940 Stobaei
823 1894 948 1939 locos
972 1894 1125 1950 relati,
1153 1913 1254 1942 cum
1274 1899 1342 1943 in·

73 1964 243 2009 dicibus
287 1958 669 2021 locupletissimiS,
732 1962 937 2007 Aureliae
980 1963 1339 2025 Allobrogffipro

71 2034 224 2076 Franc.
247 2033 388 2075 Fabro
421 2029 662 2087 bibliopola
683 2031 884 2085 Lugdun.
927 2032 1066 2089 1609.
1097 2031 1176 2078 fol.

169 2097 301 2143 Dicta
312 2106 564 2156 poetarum,
597 2112 707 2153 quae
718 2098 834 2154 apud
849 2097 906 2141 Io.
920 2092 1139 2141 stobaeum
1155 2099 1346 2149 exstant.

74 2167 319 2212 Emendata
355 2174 403 2210 et
447 2164 589 2210 latino
625 2166 819 2208 carmine
851 2165 1026 2210 reddita
1067 2166 1345 2228 ablHugonc

79 2235 243 2280 Grotio.
311 2229 599 2277 Accefferunt
621 2230 841 2276 Plutarchi
861 2241 908 2276 et
933 2230 1070 2276 Bafilii
1096 2236 1158 2280 M.
1185 2235 1243 2279 de
1266 2236 1344 2282 vsu

80 2314 344 2361 graecorum
379 2310 613 2358 poetarum
643 2298 810 2352 libelli,
862 2300 992 2344 Paris.
1038 2301 1175 2361 1623.
1203 2317 1252 2360 4.
1288 2317 1343 2348 ex

80 2368 215 2411 codd.
242 2369 358 2413 MSS.
384 2366 514 2412 Paris.
542 2375 590 2412 et
617 2382 669 2410 ex
693 2368 907 2427 ingenio,
945 2368 1068 2426 quod
1093 2371 1177 2414 fuit
1199 2385 1343 2427 paene

81 2434 308 2491 diuinum,
367 2436 618 2479 emendauit
639 2433 712 2478 illa
749 2436 946 2479 Grotius.
981 2464 1038 2473 -
1090 2439 1342 2487 'Quosdam

83 2501 242 2565 Grotii'
256 2516 432 2549 errores
452 2505 629 2549 notauit
653 2500 910 2549 Valckenaer
932 2503 1208 2566 indiam-ibe,
1245 2505 1344 2562 post

1216 2575 1341 2619 Euri-
