1686 3025
330 294 432 348 484
859 282 1074 331 RHAZA.

841 407 891 470 §⁶
965 422 1071 468 107.

435 542 697 594 RHAZAE,
764 539 853 586 siue
882 541 1150 587 Abubecher
1194 541 1480 587 Muhammed
1515 544 1611 601 ben?

337 611 540 660 secharia
563 607 754 663 Al-Rafi,
784 667 786 669 ,
821 611 897 667 qui
933 609 1073 655 multa
1107 611 1282 655 Graecis
1318 610 1606 668 scriptoribus

339 682 522 732 debuit,
555 686 601 723 et
624 694 661 724 a.
686 679 739 723 C.
780 665 922 736 1'910.
959 680 1098 730 obiit,
1138 678 1467 734 eruditionem,
1513 693 1608 722 me-

339 751 440 801 rita,
465 747 712 805 scriptaque
741 745 912 789 medica
945 755 1081 803 atque
1115 746 1243 790 editt.
1278 745 1607 804 persequuntur

338 813 546 860 Hallerus
571 816 617 858 in
642 812 937 858 Bibliothecis
955 813 1036 857 suis
1056 814 1272 869 (mediciS,
1315 808 1541 855 Fabricius
1560 813 1610 857 in

338 880 607 929 B.‘Gr.V01.
631 881 747 926 XIII.
763 896 860 942 pag.
880 879 1089 939 46.266.
1115 881 1174 940 sq.
1191 879 1406 941 383.X11.
1428 896 1470 938 p.
1496 879 1613 939 6920

338 945 608 1010 Hamherger
633 951 681 994 in
706 953 755 995 Z.
783 950 837 993 N.
851 951 963 995 Part.
976 950 1052 995 111.
1068 964 1170 1009 pag.
1199 961 1310 1007 714.
1334 947 1426 1005 sqq.
1450 945 1610 991 Saxius

339 1019 388 1063 in
412 1019 498 1063 On.
526 1020 580 1063 ΙΙ.
610 1033 654 1075 p.
688 1029 794 1074 147.
819 1018 896 1074 qui
933 1031 1038 1060 eum
1070 1015 1261 1060 collocat
1290 1017 1338 1059 in
1358 1030 1400 1062 a.
1424 1028 1535 1074 930.
1561 1023 1611 1060 et

341 1081 398 1130 de
427 1085 639 1127 Ioanne
663 1083 968 1145 Serapione
1000 1084 1202 1135 medico,
1255 1084 1431 1140 Arabe,
1478 1083 1610 1134 circa,
1673 1101 1676 1105 ·

341 1169 380 1199 a.
413 1165 552 1207 1070.
574 1146 743 1194 Fabric.
769 1149 800 1196 l.
815 1165 849 1194 c.
874 1166 918 1207 p.
934 1164 1046 1209 299.
1061 1160 1109 1195 et
1130 1144 1398 1209 Hamberger
1421 1148 1452 1196 l.
1475 1163 1611 1198 rtem.

340 1236 384 1280 p.
414 1219 529 1277 768.

866 1367 906 1431 §.
984 1375 1095 1423 108.

447 1482 689 1529 Ioannes
731 1482 1073 1547 Mauropus,
1124 1482 1478 1532 Euchaitenfium
1519 1498 1617 1530 me·

344 1553 590 1612 tropolita,
624 1549 893 1597 versificator
917 1567 1100 1612 graecus
1125 1551 1416 1607 Christianus,
1447 1553 1561 1598 circa
1573 1568 1614 1600 a·

345 1622 428 1668 Ch.
459 1618 604 1679 1050.
642 1643 709 1653 --·
743 1620 845 1664 Eius
865 1622 1174 1682 epigrammata
1198 1614 1385 1663 iambica
1397 1621 1615 1663 carmina-

345 1703 428 1752 que
454 1690 500 1732 in
522 1690 867 1746 praecipuorum
895 1686 1105 1732 fastorum
1132 1686 1400 1747 Patrumque
1421 1687 1615 1745 pielasin

345 1755 506 1802 tabulis
536 1756 750 1814 imagiries
774 1762 909 1812 atque
943 1753 1164 1807 historias,
1218 1763 1267 1801 et
1296 1757 1354 1800 de
1384 1753 1476 1800 aliis
1506 1755 1617 1800 varii

345 1823 525 1886 generis
547 1822 843 1880 argumentis,
889 1834 1045 1880 graece
1075 1821 1217 1876 edidit
1247 1834 1496 1879 paucasque
1531 1836 1618 1865 no-

346 1901 411 1937 tas
433 1889 488 1933 ad
513 1888 678 1934 calcem
697 1885 837 1933 libelli
860 1888 1023 1933 adiecit
1043 1884 1292 1932 Matthaeus
1315 1885 1475 1942 Rullus,
1498 1889 1623 1943 Etoj-
1646 1917 1654 1931 .

346 1973 432 2003 nae
463 1956 607 2002 1610.
629 1970 678 2013 4.
702 1972 744 2001 v.
778 1949 972 1998 Fabricii
998 1957 1046 2001 B.
1077 1956 1155 2002 Gr.
1188 1954 1263 2000 lib.
1285 1957 1340 2002 V.
1364 1970 1457 2014 cap.
1488 1957 1555 2002 16.
1578 1954 1618 2009 §-

347 2025 462 2072 XIX.
482 2022 574 2069 vol.
595 2025 692 2069 VH.
715 2037 816 2083 pag.
841 2034 939 2080 717
969 2022 1064 2081 sqq.
1110 2047 1158 2056 ·—
1191 2025 1263 2067 De
1287 2022 1494 2085 Mauropi
1517 2037 1620 2067 ora-

350 2094 479 2139 tione
500 2091 686 2149 quadam
718 2091 913 2143 inedita,
961 2091 1010 2134 in
1045 2105 1129 2150 qua
1164 2090 1331 2135 dielum
1353 2085 1391 2137 I.
1414 2092 1538 2135 Ioan.
1560 2089 1619 2136 V.

351 2173 399 2221 7.
423 2160 458 2207 οἱ
481 2152 608 2205 duro)
637 2155 753 2222 τρεῖς
771 2150 845 2210 καὶ
864 2154 931 2211 ἓν,
964 2159 1058 2218 agit
1079 2159 1235 2215 Franc.
1267 2158 1422 2203 Antan.
1447 2152 1624 2205 Knittel
1655 2167 1661 2186 ³·

349 2228 425 2273 in:
461 2241 581 2271 neue
602 2223 834 2272 Kriticken
853 2227 990 2271 veber
1012 2226 1103 2271 den
1121 2224 1314 2285 Spruch:
1348 2227 1473 2284 Drey
1503 2222 1619 2282 find,
1654 2259 1655 2278 ;
1685 2272 1686 2277 ,

351 2295 427 2340 die
447 2295 501 2339 da
521 2310 691 2356 zeugen
709 2295 773 2342 im
797 2292 999 2357 Himmel
1020 2303 1113 2343 etc.
1155 2293 1378 2342 Brunsuic.
1402 2297 1546 2353 1785.
1566 2296 1619 2346 8.
1652 2341 1653 2347 ,
1685 2291 1686 2297 ’

352 2361 453 2411 sest.
472 2364 527 2412 11.
1604 2370 1606 2372 ’

1431 2615 1478 2675 S.
1511 2627 1619 2675 109.
