1727 3005
296 240 362 290 σι
525 214 527 216 ’
762 232 1095 283 EPJCTETVS.

297 380 355 414 ex
386 380 454 427 gr.
490 365 632 411 tribus
664 362 909 406 minoribus
940 360 1074 404 tornis
1111 356 1328 404 Coloniae
1361 359 1409 403 in
1442 354 1560 403 offic.

295 434 654 483 Birckmannica‚
688 444 701 471 ι
719 430 823 484 596.
849 434 889 479 8.
911 429 983 471 vbi
1006 435 1154 472 tamen
1187 428 1232 469 in
1266 429 1403 472 tertio
1427 436 1558 472 tomo

292 503 469 547 additus
498 499 558 544 est
583 513 607 542 e
630 498 819 555 regione
839 492 914 539 lat.
928 492 1138 539 versionis
1160 503 1371 536 contextus
1403 494 1560 536 Arria-

293 573 538 629 nigraecus
557 588 623 598 ——
662 564 752 607 aliis
786 562 914 608 editt.
946 563 1153 606 Arrianus
1183 569 1230 605 et
1252 559 1443 618 Simplic.
1465 576 1561 605 mo-

294 637 358 682 do
381 634 650 685 adhaerent,
687 630 825 675 modo
849 630 1022 688 absnnt.
1058 655 1116 663 —-
1151 629 1298 674 Nitida
1313 627 1374 674 est
1395 629 1557 673 editio:

291 698 480 764 Epiffeti
501 699 795 744 Euchiridion
829 724 888 732 —
926 698 1048 742 idem
1069 691 1226 739 Cebetis
1269 691 1388 738 Theb.
1413 693 1564 743 tabula

294 786 364 831 gr.
402 776 450 814 et
486 767 562 813 lat.
598 767 887 824 Antwerpiae
932 779 986 809 ex
1021 763 1137 810 offic.
1172 763 1331 811 Christ·
1371 761 1561 810 Plantivn.

291 843 431 896 1578.
463 850 478 880 1
494 849 536 879 2.

398 902 587 946 Mericus
611 915 791 960 quoque
815 891 1078 958 Cafimbonus
1093 928 1106 952 ‚
1153 900 1227 958 qui
1247 898 1499 957 Epitstetum
1511 903 1560 943 et

293 971 517 1019 Cebetem
544 985 611 1031 gr.
633 985 682 1013 ac
706 968 842 1014 latine
865 967 1030 1017 edidit,
1079 970 1200 1013 notis
1232 966 1461 1012 illustrauit
1495 973 1560 1011 at·

294 1055 384 1098 que
409 1035 689 1096 Paraphrafin
713 1051 916 1097 graecam
937 1032 1153 1080 christiani
1170 1034 1392 1092 scriptoris
1416 1033 1562 1078 saecu-

290 1108 325 1154 li
347 1109 491 1164 quinti
514 1106 742 1162 hucusque
766 1104 981 1149 ineditam
1007 1116 1108 1146 cum
1130 1099 1329 1147 versione
1351 1102 1560 1159 notisque

298 1175 488 1227 adiecit,
522 1173 718 1218 Londini
753 1171 892 1229 1659.
918 1175 960 1223 8.
1026 1168 1304 1215 Wolfianum
1318 1170 1562 1214 verborum

299 1250 567 1290 contextum
587 1239 787 1285 retinuit.
824 1263 888 1272 —
922 1227 1573 1286 Nouameditionumclass'em,‘

298 1314 372 1357 cui
396 1313 571 1355 Veneta
602 1322 617 1352 1
633 1313 734 1365 528.
758 1322 840 1364 pro
865 1306 1007 1351 fundo
1034 1304 1118 1355 est,
1163 1303 1394 1350 constituit
1429 1301 1562 1346 Hein-

286 1375 650 1437 sto-Salmastana.
696 1375 851 1433 Lugd.⁴
872 1376 919 1420 B.
950 1372 1067 1430 apud
1094 1374 1125 1415 1.
1156 1372 1295 1415 Nlaire
1332 1369 1476 1428 [6400
1511 1383 1560 1428 4.

300 1460 404 1491 cum
424 1442 634 1501 Simplicii
654 1440 995 1486 commentariO.
1022 1438 1132 1483 Dan.
1159 1438 1278 1483 enim
1313 1435 1500 1495 Heinsius
1512 1453 1561 1482 o-

297 1515 524 1559 rationem
550 1511 602 1554 ad
623 1507 756 1553 fidem
777 1509 889 1553 NlSti
909 1505 1379 1555 Nanfianiemendauit
1401 1516 1450 1551 et
1463 1505 1562 1564 sup·
1598 1503 1601 1506 ⁴

296 1582 468 1643 Pleuit,
502 1580 565 1623 ita
577 1586 626 1622 vt
649 1592 672 1620 a
698 1575 884 1635 vulgatis
900 1576 1010 1618 mire
1032 1569 1302 1618 dissentiret:
1336 1572 1561 1628 Salmasius

295 1665 409 1697 vero
423 1645 712 1692 vberioresin
726 1642 967 1699 Epictetum
993 1648 1040 1685 et
1064 1640 1333 1698 Simplicium
1369 1640 1560 1685 conscri-

295 1717 408 1777 psit,
441 1712 720 1760 etsubiunxit
734 1705 890 1751 Cebetis
910 1708 1118 1766 tabulam,
1149 1722 1323 1769 graece,
1358 1706 1494 1752 latine
1511 1715 1559 1752 et

296 1785 494 1834 arabice,
548 1787 680 1836 atque
711 1788 838 1822 aurea
864 1778 1054 1821 carmina
1084 1776 1376 1835 Pythagorae.
1446 1775 1557 1821 Inde

299 1853 443 1898 editio
466 1846 538 1893 illa
559 1846 699 1890 modo
725 1843 979 1896 Heinfiam,
1013 1846 1150 1888 modo
1167 1841 1417 1888 Salmafiana
1427 1858 1558 1888 voca·

295 1930 389 1968 tur,
414 1939 482 1964 ‚a-
529 1911 795 1960 Wolfianam
823 1911 1085 1964 lectionem,
1139 1908 1286 1969 paffim
1318 1925 1468 1957 tamen
1503 1924 1558 1955 ex

295 1984 538 2035 Heinfiana
563 1979 757 2027 leffione
791 1980 1086 2033 emendatam,
1120 1981 1307 2024 retinuit
1340 1973 1557 2023 Abraham

295 2052 538 2109 Berkelius‚
595 2050 671 2107 qui
701 2048 988 2092 Enchiridion
1024 2063 1124 2092 cum
1153 2045 1302 2092 Wolfii
1338 2043 1557 2100 verfione,

298 2122 588 2177 eiusdemque
624 2124 672 2161 et
705 2117 860 2160 Merici
895 2115 1139 2161 Casauboni
1177 2123 1224 2160 et
1245 2112 1412 2159 selectis
1436 2113 1554 2159 Dan.

295 2190 482 2234 Sne-cani
500 2186 777 2242 aliorumque
803 2183 975 2241 suisque
999 2185 1144 2236 noti5‚
1183 2184 1291 2227 item
1313 2196 1411 2226 cum
1433 2196 1554 2238 para-

297 2255 442 2320 phrasi
464 2267 620 2317 graeca
644 2260 690 2297 et
710 2253 888 2297 Cebetis
914 2250 1060 2296 tabula
1087 2249 1249 2300 edidit,
1296 2249 1435 2309 Lugd.
1460 2251 1553 2294 flat.

304 2327 446 2382 1670.
474 2330 514 2376 8.
541 2336 650 2379 quae
676 2320 817 2364 editio
841 2321 1032 2376 repetita
1054 2317 1115 2362 est
1132 2331 1230 2361 cum
1256 2315 1331 2360 Iac.
1347 2317 1555 2359 Gronouii

296 2391 651 2452 castigationibus
673 2385 727 2430 ad
755 2384 1031 2444 Paraphrafin
1059 2400 1259 2446 graecam
1289 2384 1477 2442 Epicteti
1499 2396 1554 2428 ex

296 2461 400 2506 cod.
430 2459 662 2504 Mediceo‚
708 2453 892 2511 Delphis
935 2453 1074 2512 ¹⁶83·
1115 2459 1156 2505 8.
1211 2475 1256 2485 -—
1301 2450 1553 2496 Berkelium

295 2529 507 2588 sequutus
533 2522 596 2570 est
616 2516 911 2580 Blancardus,
953 2521 1111 2568 additis
1134 2522 1260 2567 variis
1285 2518 1551 2565 lectionibus

1505 2594 1554 2633 et
