1727 3005
275 246 339 300 36
412 260 418 268 ·
700 219 1081 289 PLVTARCHVS.

271 368 349 416 fol.
382 391 445 404 --
477 375 524 414 et
549 382 649 412 cura
672 364 782 409 Guil.
805 361 1021 424 Asylandri
1039 382 1063 410 a
1092 365 1239 412 multis
1261 371 1432 416 mendis
1454 369 1520 415 ‘li-

272 439 447 491 berata,
482 449 648 497 graece.
685 428 797 477 Bafil.
834 446 973 491 1574.
996 433 1074 478 fol.
1105 457 1146 466 —
1181 435 1305 479 Vitae
1329 437 1518 498 paralle-

269 502 337 554 lae
355 507 545 562 primum
566 501 710 544 lucem
731 502 939 545 viderunt
960 500 1209 545 Florentiae
1233 505 1346 561 apud
1360 504 1526 563 Philip-

270 587 379 632 pum
421 573 594 614 Iuntam
634 581 772 625 1517.
796 566 874 612 fol.
907 569 1059 613 addito
1097 568 1294 616 Isocratis
1321 573 1520 631 Euagora

269 638 372 696 (qui
396 636 508 680 male
529 636 738 680 tribuitur
759 637 804 678 in
827 635 871 678 h.
896 636 966 680 ed.
995 635 1256 693 Plutarch03
1307 647 1352 682 at
1373 637 1522 697 Agesi-

269 705 360 751 iaus
382 703 596 754 adiectus,
632 718 725 746 non
747 702 806 746 est
828 702 1164 761 Xenophontis,
1197 714 1246 750 vt
1269 704 1403 750 Aldus
1430 704 1522 748 alii-

271 779 359 830 q'ue
381 770 680 828 scripserunt)
752 771 877 815 Ordo
903 767 1056 815 differt
1078 773 1128 814 ab
1152 786 1207 815 eo
1225 805 1238 828 ‚
1296 774 1369 830 qui
1392 771 1452 816 est
1475 774 1523 816 in

269 838 458 898 vulgatis
485 846 531 882 et
553 840 604 881 ab
627 836 743 882 Aldo
765 840 851 881 iam
873 846 1080 882 mutatus.
1147 836 1278 880 Aldus
1298 841 1417 883 enirn
1431 841 1524 884 edi-

270 907 400 951 derat
422 904 643 949 Parallelas
663 907 796 963 vitas,
828 920 1011 965 graece,
1055 906 1254 955 Venetiis
1287 920 1414 965 1519.
1443 905 1522 951 fol.

267 975 443 1019 Marcus
469 973 614 1016 forsan
639 973 839 1019 Nlusurus
869 988 892 1015 e
915 973 1048 1018 codd.
1074 974 1182 1018 vitas
1210 974 1342 1018 dedit
1372 973 1522 1018 multis

265 1039 379 1086 locis
402 1040 752 1093 emendatiores,
829 1047 876 1084 et
905 1042 956 1083 ab
991 1039 1104 1084 haud
1130 1040 1298 1097 paucis,
1368 1043 1524 1099 quibus

269 1106 411 1153 obfita
435 1116 548 1167 erat,
573 1108 684 1152 edit.
750 1109 939 1160 Iuntina,
974 1107 1340 1152 mendisli‘oeras:
1386 1106 1525 1153 multa

268 1181 422 1220 tamen
442 1174 536 1219 loce
562 1174 659 1218 sana
679 1176 942 1233 integraque
964 1174 1035 1218 vel
1058 1190 1112 1219 ex
1136 1176 1266 1218 codd.
1302 1176 1409 1228 suis,
1453 1172 1524 1218 vel

272 1257 329 1286 ex
359 1242 611 1285 coniectura
643 1257 877 1299 perperam
914 1243 1123 1294 mutauit,
1187 1244 1251 1287 vti
1285 1240 1444 1305 Reiske
1478 1243 1528 1285 in

269 1311 454 1368 praefat.
478 1310 533 1353 ad
554 1311 684 1352 Tom.
713 1311 743 1352 Ι.
768 1307 985 1353 Plutarchi
1006 1310 1210 1364 monuit,
1250 1310 1324 1365 qui
1348 1315 1527 1364 praeter

270 1391 323 1420 ea
349 1376 568 1429 ostendit,
628 1391 680 1419 ex
705 1377 860 1419 eadem
887 1373 1059 1420 officina
1091 1375 1254 1418 eodem
1277 1388 1393 1417 anno
1413 1376 1527 1418 eius-

269 1444 376 1487 dem
401 1441 618 1486 Plutarchi
644 1443 862 1501 geminas,
921 1443 1038 1486 inter
1069 1441 1114 1485 se
1136 1452 1287 1486 tamen
1320 1442 1527 1495 diuersas,

267 1505 478 1570 prodiiffe
505 1509 742 1553 editiones.
769 1508 812 1563 ²²²²)
848 1510 909 1552 Ex
943 1508 1108 1552 Aldino
1142 1507 1347 1565 exemplo
1381 1524 1527 1554 mana·

268 1585 379 1621 runt
404 1574 647 1620 Basilienses
672 1576 775 1620 edd.
809 1584 991 1619 curante
1018 1577 1120 1622 Sim.
1134 1577 1357 1634 Grynaeo,
1400 1589 1415 1618 1
1431 1589 1521 1636 533

270 1652 322 1689 et
354 1643 490 1700 1560.
524 1668 584 1677 --
618 1645 680 1685 At
705 1656 756 1684 ex
784 1642 915 1684 codd.
939 1642 1201 1701 etingenio,
1236 1643 1374 1686 modo
1391 1643 1527 1696 recte,

271 1711 413 1755 modo
450 1724 584 1766 praue
621 1706 873 1765 castigatum
910 1708 1062 1751 recudi
1096 1710 1200 1752 fecit
1222 1717 1355 1766 atque
1380 1711 1529 1752 omnia

270 1775 493 1821 Plutarchi
517 1790 653 1833 opera
677 1789 835 1834 graece
860 1783 906 1819 et
928 1774 1063 1819 latine
1086 1790 1186 1820 cum
1208 1777 1323 1820 notis
1355 1776 1436 1820 suis
1461 1778 1528 1820 fo-

271 1858 340 1890 ras
363 1844 487 1887 dedit
509 1845 656 1887 Hem,
675 1841 916 1898 Stephanus
939 1851 1072 1898 1572.
1102 1849 1144 1894 8.
1176 1856 1248 1887 ιο.
1270 1841 1373 1886 voll.
1395 1846 1443 1896 ³³²)
1478 1869 1529 1882 .-

272 1910 495 1955 Plutarchi
521 1917 690 1954 textum
714 1924 735 1952 a
751 1908 971 1966 Stephano
999 1910 1284 1953 emendat-mn
1319 1911 1530 1967 depraua-

274 1987 430 2024 tumue
456 1979 739 2021 retinuerunt
765 1985 810 2020 et
832 1985 1135 2034 propagarunt
1157 1976 1528 2034 reliquieditores

276 2046 480 2104 Operum
503 2043 616 2092 Plut,
639 2046 836 2093 Francof.
867 2056 988 2102 1599
1007 2043 1136 2090 i'ol.v.
1168 2042 1299 2093 Saltu.
1322 2053 1404 2093 cat.
1430 2061 1529 2106 pag.

1441 2109 1523 2164 18'1

326 2246 369 2292 ff)
398 2235 523 2296 1οῇρό
545 2244 666 2282 Anton
693 2241 824 2281 Saxius
844 2245 882 2282 in
904 2244 1034 2284 histor.
1057 2247 1172 2288 litter.
1197 2253 1347 2296 typogr.
1378 2246 1531 2285 Medio*

386 2303 529 2341 lanensi
563 2314 648 2351 pag.
688 2310 762 2349 593
799 2314 842 2338 ex
889 2294 1013 2339 indice
1055 2315 1180 2352 graec.
1229 2302 1317 2340 bibl.
1355 2301 1528 2343 Ambros,

386 2360 545 2397 Mediol.
581 2359 672 2395 citat
703 2353 900 2393 Plutarchi
920 2357 1038 2404 vitas,
1082 2371 1137 2407 gr.
1160 2356 1317 2395 Mediol.
1349 2365 1466 2407 1493,
1488 2358 1530 2398 in

385 2414 455 2452 fol.
476 2414 551 2452 sine
570 2413 725 2451 nomine
751 2414 986 2464 typographi.
1018 2415 1102 2451 add.
1129 2426 1215 2463 pag.
1244 2415 1334 2462 367.

330 2481 375 2533 ⁹⁶)
405 2491 495 2523 tom.
522 2492 584 2527 13.
610 2494 695 2523 cum
719 2484 919 2531 emendatt-
935 2489 1035 2518 mest.
1055 2485 1102 2518 V.
1127 2486 1172 2520 D·
1194 2482 1267 2520 t'uit
1286 2481 1531 2532 exemplarin

390 2538 478 2577 bibi.
508 2537 650 2577 'Mneui-
678 2552 711 2577 v.
739 2541 847 2574 catal.
871 2545 962 2580 tom.
986 2541 1052 2576 ΙΙΙ.
1074 2549 1114 2590 p.
1135 2534 1229 2591 291.
1249 2541 1344 2580 addc
1367 2541 1529 2581 thesaur.
1576 2539 1579 2541 ’

384 2594 641 2637 bibliothecen·
662 2598 710 2637 ΙΙ·
732 2607 771 2646 p·
787 2595 852 2639 65·
