1748 3005
290 241 350 278 10
586 227 883 278 DIONYSIVS
910 227 1146 276 PERIEGE
1152 219 1261 281 7135.

282 351 491 399 Dodivelli
524 355 616 402 diff.
650 359 705 402 de
739 362 882 399 aetate
917 361 964 398 et
988 355 1126 412 patria
1147 352 1373 414 Dionysii,
1409 369 1535 413 prae-

282 419 403 468 missa
421 423 521 469 Vol.
544 427 615 469 IV.
637 426 803 480 Geogr.
828 423 990 465 minor.
1040 424 1255 479 Sequutus
1278 422 1338 466 est
1361 429 1534 468 textum

279 492 519 548 Stephani,
552 492 672 534 cuius
696 486 945 533 versionem
964 504 1144 546 quoque
1177 491 1375 534 retinuit
1456 493 1533 534 Pa-

277 557 488 635 {aphrasis
512 556 571 601 est
591 572 642 599 ex
678 556 778 600 cod.
811 558 938 603 Paris.
970 556 1114 599 auc‘ta:
1171 565 1217 601 et
1249 556 1395 601 addita
1432 556 1533 603 sunt

278 619 550 686 οὶποσμοὶτιοι
572 622 867 683 geographica
888 639 912 668 e
940 625 1056 668 MSS.
1085 632 1181 668 tum
1203 625 1345 668 variae
1379 622 1532 667 lectio-

275 707 370 742 ne5‚
408 691 760 743 emendationes
794 699 944 744 notae,
982 691 1146 735 indices
1169 699 1216 735 et
1236 689 1532 750 tabulaegeo-

275 757 534 818 graphicae:
581 759 638 802 de
673 760 829 815 quibus
861 758 1069 802 Hudsoni
1099 759 1204 802 edit.
1229 757 1425 816 pluribus
1447 757 1531 802 dis-

275 826 391 871 serui
417 827 472 871 ad
496 827 656 870 Fabric.
685 827 730 868 B.
759 827 833 870 Gr.

383 907 426 950 5.
461 896 545 938 Res
570 893 668 936 sane
701 890 885 936 difficilis
921 894 1028 945 fuit,
1076 891 1265 936 sterilem
1296 893 1528 937 materiem

272 959 466 1006 versibus
490 959 744 1013 includere,
775 959 893 1003 illam
915 969 1064 1005 tamen
1088 962 1358 1004 ornamentis
1383 961 1528 1016 poeti-

274 1029 335 1073 cis
357 1038 403 1073 et
422 1028 657 1074 luminibus
681 1027 903 1071 hincinde
925 1026 1133 1071 illustrare
1169 1027 1345 1071 studuit.
1390 1024 1528 1071 Poeta'

273 1094 336 1140 est
364 1095 478 1140 vtilis
502 1104 549 1140 et
571 1095 899 1153 quodammodo
921 1095 1158 1138 iucundus:
1213 1109 1376 1137 naeuos
1400 1109 1526 1147 vero,
1546 1139 1549 1142 ,

274 1177 386 1222 quos
408 1163 568 1215 habet,
600 1164 686 1205 iam
708 1162 831 1219 supra
853 1160 1019 1207 Wellsii
1039 1163 1184 1204 verbis
1222 1162 1525 1205 indicauimus.

375 1231 420 1275 6.
461 1232 595 1276 Conf.
629 1224 821 1271 Fabricii
857 1231 901 1272 B.
939 1227 1015 1272 Gr.
1047 1228 1145 1272 Vol.
1180 1231 1259 1272 1111
1300 1230 1416 1271 Libr.
1446 1229 1526 1272 IV.

271 1313 368 1356 cap.
394 1311 434 1342 2.
457 1299 531 1341 vbi
551 1296 698 1354 plures
719 1294 941 1339 versiones
962 1305 1008 1340 et
1028 1305 1202 1340 veteres
1229 1304 1275 1340 et
1300 1295 1528 1339 recentio*

268 1380 371 1422 reS‚¹
402 1372 535 1422 atque
560 1364 780 1408 editiones
800 1363 1101 1408 recensentur.
1167 1365 1270 1404 Huc
1293 1363 1526 1418 pertinent

268 1442 482 1490 quoque,
530 1445 641 1488 quae
673 1429 723 1475 cl.
744 1425 969 1471 Schneider
1000 1430 1048 1472 in
1102 1427 1320 1472 Analeffls
1364 1429 1523 1472 criticis
1552 1427 1554 1429 ’

265 1501 316 1544 in
343 1497 590 1554 Scriptores
623 1505 800 1545 veteres
839 1509 1022 1554 graecos
1067 1503 1114 1539 et
1143 1494 1304 1539 latinos
1333 1495 1523 1539 Traiedti

263 1567 322 1611 ad
351 1565 501 1612 Viadr.
539 1576 680 1620 1777.
714 1558 921 1620 &nuper
952 1562 1103 1613 dedit,
1155 1569 1202 1605 et
1235 1559 1398 1618 scripsit
1421 1577 1521 1622 pag.

270 1640 350 1686 18.
371 1633 464 1690 sqq.
542 1627 939 1687 „Supplementum
974 1629 1400 1673 commentariorum
1436 1631 1522 1672 Eu-

263 1699 410 1747 stathii
430 1698 484 1742 ad
506 1697 681 1741 versum
709 1702 813 1747 882.
847 1696 939 1755 sqq.
1013 1695 1294 1755 Periegeseos
1322 1694 1520 1752 Dionysii

266 1768 541 1824 descriptum
574 1779 628 1808 ex
658 1764 810 1808 codice
841 1765 970 1822 regio
1000 1761 1218 1807 Parisiensi
1254 1765 1339 1808 No.
1375 1768 1520 1814 2218.

265 1836 344 1895 qui
366 1841 543 1892 praeter
555 1830 860 1888 Lycophronis
875 1826 1151 1876 Cassandram
1172 1845 1271 1875 cum
1289 1844 1520 1874 commen-

264 1904 381 1949 tario
416 1900 600 1945 Tzetzae
641 1897 830 1944 multum
859 1896 1154 1958 castigatiore,
1212 1913 1342 1956 quam
1372 1898 1517 1942 editus

267 1969 425 2021 exstat,
458 1969 711 2025 Oppianum
732 1967 787 2010 de
814 1967 1064 2011 Venatione
1085 1973 1131 2010 et
1153 1965 1297 2023 plures
1321 1964 1519 2023 Porphy-

261 2039 318 2082 rii
337 2036 499 2090 libros,
563 2033 699 2079 habet
732 2035 864 2078 etiam
900 2031 1098 2090 Dionysii
1132 2031 1381 2093 Periegesin
1415 2047 1516 2077 eum

261 2103 592 2150 commentariis
604 2100 810 2146 Eustathii
831 2103 876 2144 in
896 2103 1108 2145 memoria
1121 2099 1286 2146 vetusta
1299 2100 1515 2156 scriptam.

259 2168 526 2229 Paraphrafis
556 2183 710 2229 graeca
742 2184 836 2212 non
860 2169 998 2212 modo
1032 2167 1160 2212 nullis
1186 2168 1350 2212 lacunis
1376 2168 1515 2211 inter-

257 2249 391 2297 rupta
409 2238 602 2298 legitur,
636 2245 684 2281 vt
706 2238 752 2281 in
774 2235 894 2280 libris
918 2237 1062 2286 editis,
1096 2236 1169 2280 sed
1194 2236 1357 2291 saepius
1379 2233 1513 2279 etiarn

259 2304 414 2352 differt
434 2306 638 2350 oratione
661 2312 708 2349 et
731 2302 977 2354 vocabulis,
1011 2313 1060 2348 vt
1083 2301 1350 2360 plane-noua
1371 2301 1513 2346 videri

257 2371 441 2433 poffit.“
517 2373 737 2431 Integrius
771 2372 895 2415 dedit
923 2370 997 2415 ille
1031 2370 1118 2414 hoc
1154 2368 1511 2426 supplementum

257 2442 313 2487 ab
338 2439 573 2486 Holstenio
601 2454 654 2483 ex
669 2437 1510 2496 cod.Claramont.depromtum,etiam
1566 2440 1570 2442 ’

252 2511 312 2559 ιι)
334 2508 502 2574 Iniqrto
531 2509 588 2574 in*
612 2514 693 2554 cat.
716 2506 847 2556 codd.
872 2521 938 2566 gr.
949 2520 1044 2571 reg.
1062 2506 1297 2567 Nlatrit..p.
1327 2518 1422 2567 359
1447 2503 1509 2581 sq.

1461 2584 1509 2621 m
