1727 3005
260 290 327 340 34
543 270 545 272 ’
565 334 567 338 ¹
717 268 1067 346 ONOSANDER.

365 410 406 456 3.
434 396 609 457 Scripsit
645 398 965 458 Strategicurn,
1025 392 1113 441 fiue
1156 397 1213 442 de
1240 397 1523 457 imperatoris

261 466 543 526 institutione
567 467 745 509 librum.

360 551 408 592 4.
449 531 580 577 Nicol.
623 531 886 592 Saguntinus
940 532 1106 590 primus
1146 530 1282 576 latine
1315 534 1453 578 vertit
1475 540 1525 578 et

263 604 407 649 edidit
430 616 530 645 cum
554 601 750 659 Vegetio
776 601 993 647 Frontino
1016 609 1101 644 etc.
1115 601 1280 644 Romae
1297 613 1365 644 12.
1386 611 1525 659 1493.

262 686 352 715 rec.
389 666 505 712 Bafil.
548 679 686 724 1541.
720 673 862 724 1558.
907 676 1046 724 1570.
1078 673 1121 718 8.
1157 685 1212 694 -
1247 670 1366 711 Turn
1391 663 1528 710 Ioach.

263 738 561 780 Carum-arium
581 733 717 778 latine
745 736 882 779 vertit
913 734 1035 781 Onos.
1071 736 1443 779 commentarium
1468 735 1527 778 de

214 819 215 822 ’
263 820 313 850 re
336 803 539 853 militari3
577 817 707 861 quarn
742 800 993 846 versionem
1031 802 1270 847 ediderunt
1306 803 1398 846 eius
1432 799 1527 855 filii,

261 873 542 930 Noribergae
584 883 724 928 1595.
753 876 796 921 8.
837 888 892 896 --
934 883 1088 929 graece
1121 885 1230 913 vero
1261 884 1314 913 ex
1350 870 1526 913 duobus

262 940 397 985 codd.
422 939 580 1001 Medic.
603 930 651 982 et
677 939 815 982 tertio
843 938 1036 994 quodam
1064 938 1323 982 recentiore
1359 932 1526 994 prirnus

260 1006 488 1052 recensuit
508 1016 555 1050 et
579 1019 680 1049 cum
705 1006 828 1048 variis
853 1004 1116 1048 lec‘iionibus
1142 1020 1196 1048 ex
1234 1012 1390 1062 quarto
1427 1006 1528 1047 Mo-

260 1073 364 1118 relli
385 1075 565 1129 codice,
598 1074 798 1130 itemque
820 1075 938 1117 notis
968 1072 1050 1116 suis
1077 1080 1124 1116 et
1155 1070 1356 1115 versione
1387 1071 1531 1116 edidit

261 1139 471 1187 Nicolaus
510 1138 747 1200 Rigaltius‚
803 1141 931 1183 Paris.
978 1152 1115 1198 1599.
1141 1140 1188 1182 in
1212 1138 1329 1183 calce
1375 1148 1528 1183 autem

269 1215 416 1268 1598.
445 1223 579 1266 4..—
614 1206 762 1251 recusa
786 1207 846 1250 est
870 1207 976 1252 haec
1009 1208 1149 1252 editio
1184 1223 1206 1250 a
1243 1204 1529 1252 Commelino

270 1282 413 1322 1600.
429 1290 475 1334 4.
488 1290 588 1320 cum
608 1274 784 1319 Aemilii
799 1277 921 1320 Porti
934 1274 1312 1336 castigationibus;
1355 1293 1407 1302 -
1429 1282 1529 1324 tum

262 1346 451 1390 tertium
487 1344 656 1402 prodiit
690 1351 836 1388 textus
871 1342 1113 1402 Rigaltinus
1139 1355 1300 1400 graece
1326 1348 1374 1384 et
1393 1338 1531 1385 latine

265 1427 368 1456 cum
379 1412 503 1455 variis
521 1410 784 1455 leffionibus
799 1425 850 1452 ex
865 1411 980 1454 MSS.
1003 1408 1067 1467 (n.
1082 1407 1336 1466 Rigaitian)
1365 1416 1414 1453 et
1428 1422 1531 1456 cum

264 1475 360 1524 diss'.
384 1477 574 1537 politicis
598 1477 772 1519 Ioannis
791 1491 818 1518 a
841 1474 1047 1534 Chokz‘er,
1090 1478 1256 1521 Rornae
1289 1474 1379 1521 fine
1410 1490 1532 1522 anno

266 1549 337 1602 (at
363 1546 584 1591 dedicatio
601 1553 648 1589 et
668 1547 805 1602 praef.
831 1544 1015 1599 scriptae
1038 1544 1139 1588 sunt
1171 1543 1334 1596 1610.)
1362 1558 1405 1601 4
1431 1546 1532 1588 Nlo·

266 1616 451 1675 guntiae
480 1615 608 1671 ¹6¹3·
634 1627 680 1669 4.
746 1607 987 1656 Nouissima
1011 1620 1058 1654 et
1085 1607 1428 1654 emendatissima
1444 1609 1530 1656 est:

266 1677 515 1739 Onosandri
532 1679 716 1737 Strateg.
749 1696 805 1704 -
841 1678 895 1720 ad
920 1678 1050 1721 codd'.
1069 1679 1185 1723 MSS.
1211 1675 1346 1721 fidem
1358 1677 1533 1736 expres-

265 1749 335 1794 sus
363 1758 409 1793 et
431 1763 483 1792 ex
504 1747 792 1803 antiquorum
816 1745 1076 1789 tafficorum
1105 1741 1376 1802 potiffimum
1398 1744 1532 1803 colla-

204 1814 206 1816 ’
266 1819 422 1868 tione,
458 1816 577 1859 notis
603 1814 828 1871 perpetuis
866 1813 1050 1865 criticis,
1095 1813 1251 1869 (etiam
1279 1813 1533 1872 grammati·

271 1886 358 1937 cis,
396 1883 622 1928 interdum
645 1878 756 1923 iusto
783 1881 1103 1934 vberioribus,)
1140 1881 1412 1934 emendatus,
1446 1894 1533 1926 nec

270 1967 365 1996 non
389 1949 538 2014 figuris
565 1950 654 1992 aeri
680 1946 819 1991 incisis
843 1946 1090 1994 illustratus.
1168 1943 1412 1993 Accedunt
1437 1948 1531 1992 duo

268 2020 437 2063 indices
461 2036 515 2045 -·
537 2033 619 2059 vna
644 2031 743 2059 cum
766 2013 967 2059 versione
990 2013 1153 2060 Gallica
1173 2014 1220 2062 L.
1247 2012 1360 2060 B.de
1373 2015 1533 2057 Zur—

269 2081 437 2128 Lauben
460 2093 545 2128 etc.
572 2086 626 2128 ad
646 2082 808 2127 calcem
831 2081 932 2126 libri
958 2082 1150 2136 adie&a‚
1188 2098 1290 2126 cura
1312 2092 1359 2128 et
1389 2081 1534 2127 studio
1569 2068 1572 2083 Ι

269 2153 336 2198 M.
378 2150 548 2194 Nicolm·
580 2146 841 2203 ⁴Sclywebelii,
889 2152 1007 2198 (tum
1043 2148 1261 2206 Gymnafii
1294 2152 1533 2210 Noriberg.

271 2221 508 2272 Reemriffi)
540 2220 863 2278 Norimbergae
894 2219 1032 2274 1762.
1056 2217 1137 2263 fol.
1206 2217 1315 2261 Vsus
1336 2217 1396 2261 est
1419 2218 1532 2261 duo-

273 2290 353 2331 bus
378 2288 506 2332 codd.
533 2286 782 2348 chartacei&
853 2288 903 2329 In
925 2289 1061 2342 praef.
1080 2285 1237 2344 agit-de
1264 2285 1532 2330 Onosandro

273 2364 408 2412 atque
436 2354 548 2398 illius
573 2355 866 2406 editionibus,
907 2351 1202 2404 verfionibus‚
1239 2361 1287 2396 et
1315 2352 1371 2396 de
1403 2349 1534 2395 subfi-

274 2423 356 2465 diis
373 2454 385 2474 ‚
421 2424 577 2480 quibus
602 2420 829 2464 instrueius
855 2421 908 2464 ad
935 2420 1169 2477 parandam
1189 2419 1302 2463 hanc
1331 2420 1436 2463 edit.
1463 2434 1534 2463 ac-

275 2486 473 2542 cesserit,
520 2498 654 2546 atque
679 2488 721 2530 se
749 2484 928 2539 vidisse,
971 2489 1060 2542 ait,
1105 2487 1283 2528 Gruter-i
1319 2486 1532 2531 discursus

273 2554 363 2602 siue
393 2556 737 2602 commentarios
764 2555 820 2598 ad
851 2552 1090 2613 insigniora
1119 2553 1217 2600 loca
1235 2556 1379 2601 Taciti
1400 2563 1534 2610 atque

1405 2620 1533 2667 Ono·
