1686 3025
617 207 937 260 ΡΑνςΑΝῙΑε,
1319 224 1414 273 179

156 334 356 381 V01.1V.
382 336 477 382 Lib.
503 337 578 380 ΙΙΙ.
603 351 695 394 cap.
730 341 806 388 18,
832 338 872 391 ς.
902 347 975 393 15.
1004 347 1102 394 pag.
1140 345 1214 381 20.
1281 332 1408 384 Saxii

155 403 380 453 Onomast,
402 404 543 452 litter,
568 405 602 453 I.
630 419 730 464 pag,
760 417 869 464 321.

685 544 725 620 5.
796 550 872 596 ς9.

609 622 938 671 PAVSANIAS.

259 751 300 784 Ι.
336 735 509 783 Floruit
534 738 647 782 circa
675 752 713 781 a.
737 736 818 789 Ch.
850 748 955 794 174.
978 735 1031 782 V.
1045 733 1097 782 C.
1116 745 1410 800 9272argumi

152 804 285 851 Eliac.
306 809 439 863 prior.
468 803 556 848 siue
581 807 699 848 Libr.
723 807 775 848 V.
797 819 888 860 cap.
916 817 952 848 1.
978 819 1080 862 pag.
1109 818 1217 862 375.

251 885 296 917 2.
333 870 630 916 Caesareenfis
653 871 917 928 Cappadox,
956 871 1149 914 Herodis
1177 873 1316 916 Attici
1346 873 1413 927 <ii-¹

150 934 339 996 scipulus
357 971 369 991 ,
391 946 440 984 et
462 940 686 983 interimis
702 938 883 995 quidem
897 933 1160 981 admistionis
1174 937 1234 992 *)‚
1256 940 1414 982 Gram-

151 1008 351 1059 maticus,
383 1007 559 1059 artium,
589 1014 638 1051 et
657 1013 1056 1048 monumentorum
1086 1020 1109 1047 a
1134 1004 1309 1048 summis
1333 1021 1414 1050 ve-

151 1074 321 1118 teribus
344 1071 582 1119 artificibus
609 1071 855 1130 posteritati
881 1072 1149 1117 traditorum
1166 1072 1414 1129 perscruta-

150 1147 229 1186 tor
252 1137 488 1184 indefeffus
512 1149 559 1185 et
577 1140 711 1184 iudex
733 1138 972 1200 legitimus,
1009 1140 1074 1184 Ad
1105 1142 1253 1183 omnia
1273 1141 1417 1199 igitur:

153 1207 466 1267 perscrutanda
500 1206 728 1265 oculisque
759 1207 1000 1264 vsurpanda
1050 1221 1129 1262 per
1167 1208 1415 1262 Graeciam,

151 1273 487 1328 Macedoniam,
523 1274 720 1331 Italiam,
754 1288 958 1333 magnam
989 1271 1111 1317 Asiae
1139 1282 1312 1331 partem
1342 1291 1414 1318 vs-

153 1357 243 1399 que
262 1342 315 1386 ad
338 1343 454 1385 louis
472 1343 736 1386 Hammonis
757 1340 982 1385 oraculum
1003 1342 1089 1385 iter
1112 1343 1233 1386 fecit.
1289 1344 1414 1392 Quae

154 1423 265 1452 vero
289 1416 449 1453 notatu
470 1408 651 1465 visuque
676 1410 809 1467 digna
829 1408 991 1464 vbique
1006 1408 1190 1460 viderat,
1214 1423 1282 1466 ea,
1297 1407 1416 1464 post-

155 1490 286 1532 quam
313 1477 497 1518 Romam
534 1477 767 1535 migrarat,
809 1474 1050 1518 admodum
1085 1469 1217 1518 senex
1247 1472 1414 1520 litteris

155 1540 446 1602 confignauit.
806 1575 809 1579 r

259 1623 301 1668 3.
337 1607 515 1651 Frustus
538 1607 677 1664 igitur
697 1604 878 1649 illorum
903 1607 1114 1651 itinerum
1126 1605 1186 1650 est
1200 1609 1414 1653 Graeciae

154 1675 392 1731 descriptio
414 1681 628 1724 accurata,
665 1687 748 1729 qua
765 1671 908 1715 letior
931 1674 1155 1729 tamquam
1175 1688 1307 1717 mauu
1332 1691 1416 1732 pet

151 1741 274 1787 illam
294 1743 531 1801 regionem
567 1735 924 1791 circumducitur,
957 1737 1039 1792 ’τῆς
1063 1732 1254 1787 {samios
1268 1735 1418 1802 wafari-q

153 1827 296 1870 Ὑησις,
329 1810 377 1852 in
404 1804 703 1866 qua}(libr‚X)
725 1808 888 1859 Attica,
908 1805 1192 1851 Corinthiaca
1210 1810 1294 1864 **>‚
1333 1807 1415 1852 La-

155 1878 325 1930 conica,
361 1871 611 1930 Messenia,
646 1874 801 1926 Eliaca,
834 1873 1032 1931 Achaica,
1060 1875 1285 1932 Arcadica,
1303 1877 1417 1920 Boe·
1477 1925 1480 1929 .

155 1944 273 1989 otica
297 1950 546 1987 memoratu
574 1942 706 2001 digna
730 1940 1006 1998 persequitur
1040 1949 1173 1997 atque
1206 1941 1416 1990 illustrat.

220 2025 269 2065 4.
305 2011 462 2054 Editio-
477 2010 682 2066 princeps
706 2007 767 2052 est
787 2006 960 2061 Aldina,
989 2022 1145 2067 graece
1161 2039 1173 2061 ‚
1209 2011 1412 2054 Venetiis

162 2077 288 2137 1516
313 2075 392 2122 fol.
413 2084 594 2121 curante
619 2073 770 2118 Marco
797 2071 986 2132 Musam.
1015 2098 1082 2108 -—
1126 2077 1281 2121 Latine
1311 2092 1417 2120 ver-—

743 2140 800 2186 M
838 2156 862 2184 2
1354 2145 1413 2190 tit

208 2277 246 2325 ¹¹)
276 2278 502 2327 Goidhagen
521 2276 562 2314 in
596 2274 757 2325 praefat·
799 2277 847 2314 ad
875 2274 1038 2314 version.
1071 2288 1188 2326 germ.
1214 2273 1411 2325 opinatur,

266 2334 487 2373 Pausaniam
508 2336 610 2370 hunc
629 2333 817 2369 diuersum
841 2345 861 2369 a
883 2329 1095 2370 Philostrati
1118 2333 1312 2378 Pausania,
1348 2332 1410 2371 fu-

264 2389 329 2427 isse
345 2393 528 2439 Phrygem
549 2400 669 2437 prope
687 2389 851 2436 Sipylum
873 2397 1038 2426 montcm
1073 2396 1217 2425 natum.

221 2447 290 2499 η’)
319 2455 420 2497 Quae
443 2464 488 2490 ex
513 2451 658 2490 Eumeli
677 2451 928 2488 Corinthiacis
950 2449 1079 2491 hausit,
1111 2463 1146 2487 v.
1171 2446 1341 2486 Grorldek
1369 2451 1411 2490 in

269 2507 364 2546 Bibl.
386 2509 453 2544 der
479 2511 581 2544 alten
600 2507 769 2545 Litterat.
802 2520 837 2546 v.
860 2508 992 2551 Kunst.
1017 2514 1117 2557 part·
1139 2509 1187 2546 11.
1206 2508 1411 2558 Gottingae

269 2569 390 2609 1787·
418 2564 455 2608 8·
484 2574 570 2614 pag.
592 2561 660 2613 96.
690 2570 776 2602 not.
