1640 3030
181 261 441 312 MICHAEL
475 260 918 311 CONSTANTINVS
945 260 1193 315 PSELLVS,
1260 272 1357 328 489

96 386 384 452 philosophus
419 396 467 433 et
500 387 745 433 historicus·
815 388 1000 433 Athenis
1035 390 1227 448 primum
1251 403 1359 446 ope.

88 472 191 508 ,ram
223 457 349 500 dedit
379 458 571 500 artibus:
609 456 756 514 postea
793 456 1208 514 Constantinopoli,
1254 470 1357 500 cum

97 524 269 568 summo
300 522 449 581 plausu
471 525 516 567 in
536 523 791 581 summaque
812 525 1030 583 dignitate
1051 536 1184 582 atque
1209 523 1359 568 aueto-

96 593 230 636 ritate
259 590 586 648 philosophiam
611 592 793 644 docuit,
825 592 1084 638 rhetoricen
1107 602 1241 650 atque
1270 592 1360 636 dia-

93 656 300 708 lecticen.
321 655 548 721 Michaclis
558 659 598 703 V
602 661 638 702 Il
662 659 802 703 Ducae
823 657 909 703 fiue
926 659 1212 719 Parapinacei
1234 674 1362 717 prae·

6 730 8 735 ’
95 735 285 784 ceptor,
331 727 532 784 eiusque,
568 742 706 784 quum
727 728 970 784 imperator
993 723 1130 782 esset,
1166 728 1357 771 amicus:

95 794 322 851 denique,
367 809 504 851 quum
545 795 744 839 aduentu
789 796 964 838 Ioannis
996 794 1119 848 Itali,
1167 794 1362 839 hominis

94 863 296 907 facundia
321 864 469 918 potius
491 876 621 920 quam
643 862 843 906 dostrina
865 871 996 919 atque
1016 863 1273 906 eruditione
1292 878 1365 906 va-

95 927 255 981 lentis,
292 928 410 975 suam
447 931 565 985 apud
592 944 803 987 proceres
826 929 1137 974 auctoritatem
1157 929 1365 976 imminui

33 1043 41 1053 ,Δ
95 996 297 1046 videret,
330 992 500 1040 secesfit
536 997 583 1039 in
617 997 890 1041 coenobium
978 995 1201 1040 Permulta
1219 993 1364 1054 ‘scrip-

0 1070 18 1133 ᾗ·
97 1061 152 1108 fit
168 1096 179 1116 ,
212 1059 483 1121 potissimum
507 1061 821 1120 philosophici,
858 1063 1021 1108 medici
1043 1072 1090 1108 et
1113 1062 1365 1122 theologici

0 1142 9 1189 J
98 1130 367 1192 argumenti.¹
434 1132 672 1179 Librorum
705 1129 958 1189 catalogum
980 1141 1114 1188 atque
1137 1132 1366 1177 editiones

99 1214 140 1244 v.
177 1198 294 1256 apud
325 1192 660 1256 Hambergerum
691 1198 738 1240 in
771 1196 905 1241 kurze
935 1198 1236 1243 Nachrichten
1269 1214 1365 1245 von

99 1266 192 1314 den
223 1263 541 1309 vornehmsten
572 1261 932 1313 Schr-ifftstellern
962 1274 1045 1313 etc.
1070 1264 1169 1313 Vol.
1194 1268 1247 1312 IL
1263 1281 1364 1327 pag.

107 1333 251 1392 1360.
280 1332 375 1390 sqq.
407 1340 454 1377 et
475 1335 537 1381 Z.
562 1335 618 1377 N.
642 1332 743 1377 Vol.
770 1331 844 1380 IV.
868 1341 940 1385 et,
975 1349 1085 1390 quos
1110 1333 1180 1379 hic
1199 1333 1367 1390 laudat,

101 1415 206 1460 pag.
239 1415 287 1458 9.Ἰ
314 1400 379 1457 sq.
415 1407 461 1445 et
496 1401 614 1457 apud
647 1399 768 1447 Leon.
799 1398 1003 1442 Allatium
1022 1402 1079 1447 de
1105 1400 1276 1456 Psellis,
1313 1403 1365 1448 in

102 1469 315 1526 notisque
350 1468 402 1512 ad
436 1482 540 1514 eum
573 1463 769 1512 Fabricii
791 1469 838 1517 in
867 1471 912 1513 Β
940 1470 1018 1514 Gr
1046 1468 1136 1513 vol.
1162 1471 1214 1514 V.
1241 1471 1314 1513 vbi
1337 1484 1365 1515 a

102 1551 204 1599 pag.
228 1548 286 1593 14
305 1557 371 1568 -
390 1535 494 1587 186.
516 1535 694 1593 copiose
716 1537 862 1594 agitur
883 1536 940 1580 de
960 1535 1049 1580 hoc
1062 1536 1192 1584 Nlich.
1210 1536 1367 1586 Psello

102 1629 165 1638 —-
198 1605 333 1647 Pauca
363 1602 436 1647 hic
473 1611 649 1651 tantum
671 1602 961 1647 delibabimus
995 1602 1192 1680 ἑρμηνέα
1218 1601 1279 1659 τὲξ
1302 1630 1363 1646 --

62 1679 63 1682 ’
103 1667 267 1731 ψέλλε
295 1671 350 1717 εἰς
369 1665 421 1718 τὸ
444 1663 579 1733 oio-110⁶,
607 1687 692 1716 των
715 1662 934 1729 ασμοὶτων
961 1662 1032 1719 ‹lcoi
1050 1686 1213 1729 ςοιχων
1238 1680 1367 1723 ’πολι-

103 1735 233 1785 τικῶν
247 1745 335 1783 etc
350 1735 410 1783 Io
423 1735 586 1789 Maurl'
563 1750 645 1789 us
663 1738 827 1793 primus
849 1752 969 1780 nunc
985 1752 1010 1781 e
1027 1740 1226 1786 tenebris
1248 1742 1370 1790 eruit,

105 1813 154 1855 et
186 1803 428 1862 publicauit
462 1819 563 1851 cum
584 1805 727 1851 notisz
765 1818 866 1848 cum
894 1804 1092 1859 Eusebii,
1122 1805 1371 1864 Polychro-

76 1918 77 1921 ,
104 1873 177 1916 nii·
203 1893 271 1912 -—
331 1869 680 1928 expositionibus
710 1872 760 1919 in
790 1869 1026 1921 Canticum
1062 1874 1371 1924 Canticorum.

76 1936 77 1941 ’
105 1940 255 1999 Lugd.
287 1941 380 1983 Bat.
426 1939 565 1996 1617,
587 1953 636 1997 4.
663 1954 764 1998 pag.
798 1951 815 1981 1
836 1953 906 1998 13.
942 1965 1000 1974 —-
1037 1941 1159 1988 idem
1180 1957 1282 1991 curn
1301 1945 1370 1993 in.

106 2008 507 2065 terpretationibus
541 2001 679 2055 Andr,
714 2002 878 2052 Schottzs
909 2016 956 2052 et
986 2007 1138 2057 Franc,
1175 2008 1297 2064 Ziszi,
1320 2013 1370 2056 in

107 2072 294 2131 Meurfii
329 2074 447 2131 Opp.
484 2071 684 2122 Florent.
718 2073 859 2130 1746·
886 2073 964 2123 fol.
986 2083 1102 2128 tom„
1127 2076 1242 2125 Vm.
1268 2093 1371 2139 pag.

111 2149 326 2200 289.„—.-·
361 2142 498 2193 idem,
531 2139 614 2201 (ex
636 2141 739 2191 cod,
759 2142 991 2194 Vaticano,
1020 2145 1074 2187 ab
1097 2143 1371 2193 edit-Meur->

108 2208 223 2261 fiana
260 2207 596 2266 discrepante‚)
626 2224 709 2253 vna
732 2223 847 2269 =cum
883 2208 1162 2266 expolitione
1196 2212 1373 2265 Cantici

112 2278 404 2325 Canticorum
422 2291 501 2333 per
516 2273 792 2334 paraphrasin
817 2276 999 2320 collecta
1025 2293 1078 2322 ex
1097 2279 1139 2327 S,
1160 2280 1373 2339 Gregorii

110 2341 271 2405 Nyffae
305 2342 528 2402 pontificis
554 2353 601 2389 et
628 2347 668 2389 S.
694 2342 784 2394 Nili
809 2352 856 2389 et:
880 2345 919 2390 S.
944 2346 1120 2393 Maximi
1141 2362 1375 2394 commen!

110 2414 259 2468 tatus,
295 2427 363 2469 gr
395 2421 444 2456 et
480 2410 554 2457 lat.
582 2411 738 2457 Franc.
773 2411 880 2455 Zino
900 2413 1173 2471 interprete
1209 2416 1254 2459 in
1280 2420 1375 2464 Ma.

113 2495 202 2540 gna
243 2478 348 2527 bibl
381 2487 496 2524 vett.
529 2487 722 2538 patr.um
792 2478 918 2526 Paris.
958 2481 1096 2540 1634.
1121 2489 1234 2527 torn.
1255 2487 1372 2542 xm

74 2562 216 2656 pag,
239 2546 354 2604 681.
387 2569 448 2598 *e
478 2547 682 2614 Synopfis
711 2546 891 2608 legum,
924 2547 1115 2596 verfibus
1146 2552 1300 2598 iambis
1323 2564 1375 2606 et

731 2614 821 2664 Hh
859 2630 884 2676 ς
1256 2620 1381 2685 poli.-
