<?xml version="1.0" encoding="UTF-8"?>
<!DOCTYPE html PUBLIC "-//W3C//DTD XHTML 1.0 Transitional//EN"
    "http://www.w3.org/TR/xhtml1/DTD/xhtml1-transitional.dtd">
<html xmlns="http://www.w3.org/1999/xhtml" xml:lang="en" lang="en">
 <head>
  <title>
</title>
<meta http-equiv="Content-Type" content="text/html;charset=utf-8" />
  <meta name='ocr-system' content='tesseract 3.04.00' />
  <meta name='ocr-capabilities' content='ocr_page ocr_carea ocr_par ocr_line ocrx_word'/>
</head>
<body>
  <div class='ocr_page' id='page_1' title='image "./p1theophilichristo02harluoft_0389.png"; bbox 0 0 1640 3030; ppageno 0'>
   <div class='ocr_carea' id='block_1_1' title="bbox 619 229 1395 300">
    <p class='ocr_par' dir='ltr' id='par_1_1' title="bbox 619 229 1395 300">
     <span class='ocr_line' id='line_1_1' title="bbox 619 229 1395 300; baseline -0.001 -18"><span class='ocrx_word' id='word_1_1' title='bbox 619 229 886 283; x_wconf 82' lang='lat' dir='ltr'>PROCLVS.</span> <span class='ocrx_word' id='word_1_2' title='bbox 1291 250 1395 300; x_wconf 86' lang='lat'>377</span> 
     </span>
    </p>
   </div>
   <div class='ocr_carea' id='block_1_2' title="bbox 100 358 1449 1790">
    <p class='ocr_par' dir='ltr' id='par_1_2' title="bbox 100 358 1449 1775">
     <span class='ocr_line' id='line_1_2' title="bbox 129 358 1395 422; baseline -0.001 -14"><span class='ocrx_word' id='word_1_3' title='bbox 129 361 373 408; x_wconf 86' lang='lat' dir='ltr'>Harleiano</span> <span class='ocrx_word' id='word_1_4' title='bbox 400 362 499 409; x_wconf 85' lang='lat' dir='ltr'>sunt</span> <span class='ocrx_word' id='word_1_5' title='bbox 521 362 735 422; x_wconf 82' lang='lat' dir='ltr'>quaedam</span> <span class='ocrx_word' id='word_1_6' title='bbox 755 359 985 414; x_wconf 66' lang='lat' dir='ltr'>lestioneS,</span> <span class='ocrx_word' id='word_1_7' title='bbox 1019 375 1131 420; x_wconf 89' lang='lat' dir='ltr'>quae</span> <span class='ocrx_word' id='word_1_8' title='bbox 1150 358 1395 418; x_wconf 84' lang='lat' dir='ltr'>Tychsenii</span> 
     </span>
     <span class='ocr_line' id='line_1_3' title="bbox 130 429 1396 489; baseline -0.002 -14"><span class='ocrx_word' id='word_1_9' title='bbox 130 431 396 489; x_wconf 83' lang='lat' dir='ltr'><strong>suspiciones</strong></span> <span class='ocrx_word' id='word_1_10' title='bbox 419 429 702 483; x_wconf 83' lang='lat' dir='ltr'>confirmant,</span> <span class='ocrx_word' id='word_1_11' title='bbox 738 429 1006 476; x_wconf 86' lang='lat' dir='ltr'>obseruante</span> <span class='ocrx_word' id='word_1_12' title='bbox 1028 429 1212 474; x_wconf 80' lang='lat' dir='ltr'>censore</span> <span class='ocrx_word' id='word_1_13' title='bbox 1243 430 1292 474; x_wconf 89' lang='lat' dir='ltr'>in</span> <span class='ocrx_word' id='word_1_14' title='bbox 1313 445 1396 473; x_wconf 86' lang='lat' dir='ltr'>no-</span> 
     </span>
     <span class='ocr_line' id='line_1_4' title="bbox 130 491 1392 558; baseline 0 -16"><span class='ocrx_word' id='word_1_15' title='bbox 130 500 197 542; x_wconf 87' lang='lat' dir='ltr'>uis</span> <span class='ocrx_word' id='word_1_16' title='bbox 222 491 399 557; x_wconf 85' lang='lat' dir='ltr'>ephem.</span> <span class='ocrx_word' id='word_1_17' title='bbox 420 499 559 545; x_wconf 85' lang='lat' dir='ltr'>litter.</span> <span class='ocrx_word' id='word_1_18' title='bbox 579 496 786 557; x_wconf 76' lang='lat' dir='ltr'>LipfienS.</span> <span class='ocrx_word' id='word_1_19' title='bbox 799 513 837 542; x_wconf 86' lang='lat' dir='ltr'>a.</span> <span class='ocrx_word' id='word_1_20' title='bbox 869 510 1007 557; x_wconf 86' lang='lat'><strong>1794.</strong></span> <span class='ocrx_word' id='word_1_21' title='bbox 1035 496 1150 558; x_wconf 85' lang='lat' dir='ltr'>plag.</span> <span class='ocrx_word' id='word_1_22' title='bbox 1182 513 1262 556; x_wconf 84' lang='lat'>40.</span> <span class='ocrx_word' id='word_1_23' title='bbox 1287 512 1392 557; x_wconf 85' lang='lat' dir='ltr'>pag.</span> 
     </span>
     <span class='ocr_line' id='line_1_5' title="bbox 133 558 1395 626; baseline -0.001 -16"><span class='ocrx_word' id='word_1_24' title='bbox 133 567 248 622; x_wconf 91' lang='lat'>916.</span> <span class='ocrx_word' id='word_1_25' title='bbox 281 588 348 603; x_wconf 86' lang='lat'>--·</span> <span class='ocrx_word' id='word_1_26' title='bbox 397 569 525 613; x_wconf 88' lang='lat' dir='ltr'>Idem</span> <span class='ocrx_word' id='word_1_27' title='bbox 562 565 722 626; x_wconf 82' lang='lat' dir='ltr'>Taylor</span> <span class='ocrx_word' id='word_1_28' title='bbox 754 568 815 610; x_wconf 89' lang='lat' dir='ltr'>H.</span> <span class='ocrx_word' id='word_1_29' title='bbox 847 567 895 609; x_wconf 87' lang='lat' dir='ltr'>in</span> <span class='ocrx_word' id='word_1_30' title='bbox 926 558 1176 611; x_wconf 75' lang='lat' dir='ltr'>Mineruam</span> <span class='ocrx_word' id='word_1_31' title='bbox 1211 567 1395 623; x_wconf 85' lang='lat' dir='ltr'>iterum,</span> 
     </span>
     <span class='ocr_line' id='line_1_6' title="bbox 132 634 1396 693; baseline 0.001 -16"><span class='ocrx_word' id='word_1_32' title='bbox 132 643 358 692; x_wconf 85' lang='lat' dir='ltr'><strong>tamquam</strong></span> <span class='ocrx_word' id='word_1_33' title='bbox 380 651 404 679; x_wconf 89' lang='lat' dir='ltr'>e</span> <span class='ocrx_word' id='word_1_34' title='bbox 426 637 526 680; x_wconf 89' lang='lat' dir='ltr'>cod.</span> <span class='ocrx_word' id='word_1_35' title='bbox 549 637 740 693; x_wconf 84' lang='lat' dir='ltr'>primum</span> <span class='ocrx_word' id='word_1_36' title='bbox 763 634 1033 692; x_wconf 85' lang='lat' dir='ltr'>descriptum</span> <span class='ocrx_word' id='word_1_37' title='bbox 1058 635 1201 679; x_wconf 85' lang='lat' dir='ltr'>edidit</span> <span class='ocrx_word' id='word_1_38' title='bbox 1212 635 1259 677; x_wconf 87' lang='lat' dir='ltr'>in</span> <span class='ocrx_word' id='word_1_39' title='bbox 1284 649 1396 691; x_wconf 82' lang='lat' dir='ltr'>ope-</span> 
     </span>
     <span class='ocr_line' id='line_1_7' title="bbox 134 701 1400 762; baseline 0 -17"><span class='ocrx_word' id='word_1_40' title='bbox 134 717 208 746; x_wconf 88' lang='lat' dir='ltr'>re:</span> <span class='ocrx_word' id='word_1_41' title='bbox 245 701 399 760; x_wconf 82' lang='lat' dir='ltr'>Sallust</span> <span class='ocrx_word' id='word_1_42' title='bbox 421 719 481 747; x_wconf 90' lang='lat' dir='ltr'>on</span> <span class='ocrx_word' id='word_1_43' title='bbox 502 703 581 748; x_wconf 86' lang='lat' dir='ltr'>the</span> <span class='ocrx_word' id='word_1_44' title='bbox 606 704 728 747; x_wconf 89' lang='lat' dir='ltr'>Gods</span> <span class='ocrx_word' id='word_1_45' title='bbox 750 703 836 746; x_wconf 87' lang='lat' dir='ltr'>and</span> <span class='ocrx_word' id='word_1_46' title='bbox 857 702 936 747; x_wconf 79' lang='lat' dir='ltr'>the</span> <span class='ocrx_word' id='word_1_47' title='bbox 960 702 1107 748; x_wconf 83' lang='lat' dir='ltr'>world</span> <span class='ocrx_word' id='word_1_48' title='bbox 1135 717 1189 746; x_wconf 84' lang='lat' dir='ltr'>an</span> <span class='ocrx_word' id='word_1_49' title='bbox 1212 701 1291 746; x_wconf 83' lang='lat' dir='ltr'>the</span> <span class='ocrx_word' id='word_1_50' title='bbox 1313 704 1400 762; x_wconf 78' lang='lat' dir='ltr'>Py·</span> 
     </span>
     <span class='ocr_line' id='line_1_8' title="bbox 135 766 1399 833; baseline 0 -19"><span class='ocrx_word' id='word_1_51' title='bbox 135 768 343 829; x_wconf 86' lang='lat' dir='ltr'>thagoric</span> <span class='ocrx_word' id='word_1_52' title='bbox 363 773 603 816; x_wconf 85' lang='lat' dir='ltr'>Sentences</span> <span class='ocrx_word' id='word_1_53' title='bbox 625 774 678 816; x_wconf 83' lang='lat' dir='ltr'>of</span> <span class='ocrx_word' id='word_1_54' title='bbox 690 766 958 833; x_wconf 70' lang='lat' dir='ltr'><em>Demophilus</em></span> <span class='ocrx_word' id='word_1_55' title='bbox 973 784 987 812; x_wconf 92' lang='lat'>.·</span> <span class='ocrx_word' id='word_1_56' title='bbox 1023 768 1267 815; x_wconf 83' lang='lat' dir='ltr'>translated</span> <span class='ocrx_word' id='word_1_57' title='bbox 1279 772 1399 814; x_wconf 77' lang='lat' dir='ltr'>from</span> 
     </span>
     <span class='ocr_line' id='line_1_9' title="bbox 100 833 1401 895; baseline -0.002 -13"><span class='ocrx_word' id='word_1_58' title='bbox 100 845 104 847; x_wconf 71' lang='grc'><strong>’</strong></span> <span class='ocrx_word' id='word_1_59' title='bbox 133 837 215 882; x_wconf 89' lang='lat' dir='ltr'>the</span> <span class='ocrx_word' id='word_1_60' title='bbox 239 836 402 890; x_wconf 85' lang='lat' dir='ltr'>Greek,</span> <span class='ocrx_word' id='word_1_61' title='bbox 436 840 523 883; x_wconf 89' lang='lat' dir='ltr'>and</span> <span class='ocrx_word' id='word_1_62' title='bbox 538 836 632 893; x_wconf 83' lang='lat' dir='ltr'>five</span> <span class='ocrx_word' id='word_1_63' title='bbox 652 838 821 895; x_wconf 74' lang='lat' dir='ltr'><em>Hymns</em></span> <span class='ocrx_word' id='word_1_64' title='bbox 841 833 892 894; x_wconf 91' lang='lat' dir='ltr'>of</span> <span class='ocrx_word' id='word_1_65' title='bbox 908 834 1111 880; x_wconf 76' lang='lat' dir='ltr'>Phroclus</span> <span class='ocrx_word' id='word_1_66' title='bbox 1135 839 1182 881; x_wconf 89' lang='lat' dir='ltr'>in</span> <span class='ocrx_word' id='word_1_67' title='bbox 1203 836 1282 882; x_wconf 79' lang='lat' dir='ltr'>the</span> <span class='ocrx_word' id='word_1_68' title='bbox 1308 838 1401 880; x_wconf 89' lang='lat' dir='ltr'>ori-</span> 
     </span>
     <span class='ocr_line' id='line_1_10' title="bbox 135 901 1449 964; baseline 0 -17"><span class='ocrx_word' id='word_1_69' title='bbox 135 903 255 964; x_wconf 87' lang='lat' dir='ltr'><strong>ginal</strong></span> <span class='ocrx_word' id='word_1_70' title='bbox 280 903 444 958; x_wconf 84' lang='lat' dir='ltr'>Greek,</span> <span class='ocrx_word' id='word_1_71' title='bbox 477 904 588 949; x_wconf 80' lang='lat' dir='ltr'><strong>with</strong></span> <span class='ocrx_word' id='word_1_72' title='bbox 613 921 638 948; x_wconf 80' lang='lat' dir='ltr'>a</span> <span class='ocrx_word' id='word_1_73' title='bbox 672 903 867 962; x_wconf 83' lang='lat' dir='ltr'>poetical</span> <span class='ocrx_word' id='word_1_74' title='bbox 900 903 1101 948; x_wconf 81' lang='lat' dir='ltr'>Verfion.</span> <span class='ocrx_word' id='word_1_75' title='bbox 1135 907 1210 949; x_wconf 90' lang='lat' dir='ltr'>To</span> <span class='ocrx_word' id='word_1_76' title='bbox 1247 901 1399 949; x_wconf 86' lang='lat' dir='ltr'><strong>which</strong></span> <span class='ocrx_word' id='word_1_77' title='bbox 1441 914 1449 925; x_wconf 83' lang='grc'><strong><em>·</em></strong></span> 
     </span>
     <span class='ocr_line' id='line_1_11' title="bbox 132 969 1402 1030; baseline -0.001 -15"><span class='ocrx_word' id='word_1_78' title='bbox 132 986 208 1015; x_wconf 84' lang='lat' dir='ltr'>are</span> <span class='ocrx_word' id='word_1_79' title='bbox 229 972 376 1016; x_wconf 85' lang='lat' dir='ltr'>added</span> <span class='ocrx_word' id='word_1_80' title='bbox 388 969 478 1028; x_wconf 83' lang='lat' dir='ltr'>five</span> <span class='ocrx_word' id='word_1_81' title='bbox 502 971 668 1030; x_wconf 76' lang='lat' dir='ltr'><em>Hymns</em></span> <span class='ocrx_word' id='word_1_82' title='bbox 702 974 761 1028; x_wconf 91' lang='lat' dir='ltr'>by</span> <span class='ocrx_word' id='word_1_83' title='bbox 788 971 868 1016; x_wconf 87' lang='lat' dir='ltr'>the</span> <span class='ocrx_word' id='word_1_84' title='bbox 894 971 1169 1017; x_wconf 81' lang='lat' dir='ltr'>Translator.</span> <span class='ocrx_word' id='word_1_85' title='bbox 1202 972 1402 1016; x_wconf 85' lang='lat' dir='ltr'><strong>Londini</strong></span> 
     </span>
     <span class='ocr_line' id='line_1_12' title="bbox 140 1037 1403 1099; baseline -0.002 -17"><span class='ocrx_word' id='word_1_86' title='bbox 140 1052 286 1099; x_wconf 83' lang='lat'><strong>1793.</strong></span> <span class='ocrx_word' id='word_1_87' title='bbox 311 1054 375 1085; x_wconf 88' lang='lat' dir='ltr'>m.</span> <span class='ocrx_word' id='word_1_88' title='bbox 405 1046 446 1092; x_wconf 91' lang='lat'>8.</span> <span class='ocrx_word' id='word_1_89' title='bbox 471 1040 558 1086; x_wconf 89' lang='lat' dir='ltr'>Sed</span> <span class='ocrx_word' id='word_1_90' title='bbox 577 1047 771 1098; x_wconf 87' lang='lat' dir='ltr'>quatuor</span> <span class='ocrx_word' id='word_1_91' title='bbox 781 1040 955 1097; x_wconf 88' lang='lat' dir='ltr'>priores</span> <span class='ocrx_word' id='word_1_92' title='bbox 981 1037 1149 1084; x_wconf 84' lang='lat' dir='ltr'>exstant</span> <span class='ocrx_word' id='word_1_93' title='bbox 1179 1039 1228 1082; x_wconf 82' lang='lat' dir='ltr'>in</span> <span class='ocrx_word' id='word_1_94' title='bbox 1261 1038 1403 1081; x_wconf 87' lang='lat' dir='ltr'>Brun·</span> 
     </span>
     <span class='ocr_line' id='line_1_13' title="bbox 133 1104 1402 1166; baseline 0.002 -18"><span class='ocrx_word' id='word_1_95' title='bbox 133 1104 202 1149; x_wconf 79' lang='lat' dir='ltr'>kii</span> <span class='ocrx_word' id='word_1_96' title='bbox 236 1106 469 1162; x_wconf 58' lang='lat' dir='ltr'>analectis,</span> <span class='ocrx_word' id='word_1_97' title='bbox 514 1116 562 1154; x_wconf 76' lang='lat' dir='ltr'>et</span> <span class='ocrx_word' id='word_1_98' title='bbox 595 1109 740 1166; x_wconf 88' lang='lat' dir='ltr'>quinti</span> <span class='ocrx_word' id='word_1_99' title='bbox 774 1109 833 1154; x_wconf 84' lang='lat' dir='ltr'>H.</span> <span class='ocrx_word' id='word_1_100' title='bbox 864 1115 1008 1152; x_wconf 84' lang='lat' dir='ltr'>textus</span> <span class='ocrx_word' id='word_1_101' title='bbox 1035 1123 1059 1150; x_wconf 87' lang='lat' dir='ltr'>a</span> <span class='ocrx_word' id='word_1_102' title='bbox 1094 1106 1196 1151; x_wconf 89' lang='lat' dir='ltr'>cod.</span> <span class='ocrx_word' id='word_1_103' title='bbox 1228 1107 1402 1159; x_wconf 78' lang='lat' dir='ltr'>Matrit.</span> 
     </span>
     <span class='ocr_line' id='line_1_14' title="bbox 134 1172 1399 1235; baseline 0 -16"><span class='ocrx_word' id='word_1_104' title='bbox 134 1174 264 1232; x_wconf 86' lang='lat' dir='ltr'>saepe</span> <span class='ocrx_word' id='word_1_105' title='bbox 289 1176 522 1235; x_wconf 82' lang='lat' dir='ltr'>discrepat.</span> <span class='ocrx_word' id='word_1_106' title='bbox 546 1192 588 1220; x_wconf 84' lang='lat' dir='ltr'>v.</span> <span class='ocrx_word' id='word_1_107' title='bbox 618 1190 726 1219; x_wconf 83' lang='lat' dir='ltr'>nou.</span> <span class='ocrx_word' id='word_1_108' title='bbox 762 1172 939 1232; x_wconf 90' lang='lat' dir='ltr'>ephem.</span> <span class='ocrx_word' id='word_1_109' title='bbox 973 1173 1119 1221; x_wconf 84' lang='lat' dir='ltr'>litter.</span> <span class='ocrx_word' id='word_1_110' title='bbox 1155 1176 1271 1232; x_wconf 89' lang='lat' dir='ltr'><strong>Lips.</strong></span> <span class='ocrx_word' id='word_1_111' title='bbox 1296 1189 1399 1234; x_wconf 87' lang='lat' dir='ltr'>pag.</span> 
     </span>
     <span class='ocr_line' id='line_1_15' title="bbox 140 1242 1407 1301; baseline 0 -16"><span class='ocrx_word' id='word_1_112' title='bbox 140 1255 234 1301; x_wconf 84' lang='lat'>317</span> <span class='ocrx_word' id='word_1_113' title='bbox 259 1242 320 1301; x_wconf 90' lang='lat' dir='ltr'>sq.</span> <span class='ocrx_word' id='word_1_114' title='bbox 350 1266 419 1276; x_wconf 90' lang='lat'>—</span> <span class='ocrx_word' id='word_1_115' title='bbox 494 1245 636 1287; x_wconf 83' lang='lat' dir='ltr'>Porro</span> <span class='ocrx_word' id='word_1_116' title='bbox 669 1243 791 1286; x_wconf 88' lang='lat' dir='ltr'>idem</span> <span class='ocrx_word' id='word_1_117' title='bbox 813 1244 876 1287; x_wconf 91' lang='lat' dir='ltr'>H.</span> <span class='ocrx_word' id='word_1_118' title='bbox 900 1244 948 1286; x_wconf 87' lang='lat' dir='ltr'>in</span> <span class='ocrx_word' id='word_1_119' title='bbox 979 1243 1256 1294; x_wconf 82' lang='lat' dir='ltr'>Mineruam,</span> <span class='ocrx_word' id='word_1_120' title='bbox 1291 1250 1407 1287; x_wconf 84' lang='lat' dir='ltr'>tam-</span> 
     </span>
     <span class='ocr_line' id='line_1_16' title="bbox 138 1308 1409 1370; baseline -0.001 -17"><span class='ocrx_word' id='word_1_121' title='bbox 138 1324 271 1367; x_wconf 78' lang='lat' dir='ltr'>quam</span> <span class='ocrx_word' id='word_1_122' title='bbox 293 1325 318 1354; x_wconf 88' lang='lat' dir='ltr'>a</span> <span class='ocrx_word' id='word_1_123' title='bbox 342 1308 543 1370; x_wconf 79' lang='lat' dir='ltr'>Tayloro</span> <span class='ocrx_word' id='word_1_124' title='bbox 561 1312 755 1368; x_wconf 88' lang='lat' dir='ltr'>primum</span> <span class='ocrx_word' id='word_1_125' title='bbox 786 1310 950 1368; x_wconf 52' lang='lat' dir='ltr'>editus,</span> <span class='ocrx_word' id='word_1_126' title='bbox 985 1319 1032 1354; x_wconf 85' lang='lat' dir='ltr'>et</span> <span class='ocrx_word' id='word_1_127' title='bbox 1065 1310 1157 1354; x_wconf 90' lang='lat' dir='ltr'>duo</span> <span class='ocrx_word' id='word_1_128' title='bbox 1187 1308 1259 1354; x_wconf 85' lang='lat' dir='ltr'>alii</span> <span class='ocrx_word' id='word_1_129' title='bbox 1289 1311 1409 1354; x_wconf 88' lang='lat' dir='ltr'>eius-</span> 
     </span>
     <span class='ocr_line' id='line_1_17' title="bbox 138 1371 1409 1437; baseline -0.002 -16"><span class='ocrx_word' id='word_1_130' title='bbox 138 1377 243 1421; x_wconf 91' lang='lat' dir='ltr'>dem</span> <span class='ocrx_word' id='word_1_131' title='bbox 267 1377 548 1435; x_wconf 73' lang='lat' dir='ltr'>Proclitypis</span> <span class='ocrx_word' id='word_1_132' title='bbox 572 1378 719 1422; x_wconf 81' lang='lat' dir='ltr'>rursus</span> <span class='ocrx_word' id='word_1_133' title='bbox 742 1375 912 1437; x_wconf 79' lang='lat' dir='ltr'>vulgati</span> <span class='ocrx_word' id='word_1_134' title='bbox 933 1378 1094 1423; x_wconf 87' lang='lat' dir='ltr'><strong>suntin</strong></span> <span class='ocrx_word' id='word_1_135' title='bbox 1115 1371 1226 1422; x_wconf 72' lang='lat' dir='ltr'><em>Gilb.</em></span> <span class='ocrx_word' id='word_1_136' title='bbox 1245 1375 1409 1420; x_wconf 77' lang='lat' dir='ltr'>Wacke-</span> 
     </span>
     <span class='ocr_line' id='line_1_18' title="bbox 134 1441 1408 1504; baseline 0.002 -17"><span class='ocrx_word' id='word_1_137' title='bbox 134 1441 243 1500; x_wconf 80' lang='lat' dir='ltr'>field</span> <span class='ocrx_word' id='word_1_138' title='bbox 265 1461 421 1503; x_wconf 87' lang='lat' dir='ltr'>opere,</span> <span class='ocrx_word' id='word_1_139' title='bbox 454 1445 693 1504; x_wconf 80' lang='lat' dir='ltr'>inscripto:</span> <span class='ocrx_word' id='word_1_140' title='bbox 727 1444 1016 1494; x_wconf 83' lang='lat' dir='ltr'>Siluacritica‚</span> <span class='ocrx_word' id='word_1_141' title='bbox 1045 1441 1191 1489; x_wconf 84' lang='lat' dir='ltr'>fiuein</span> <span class='ocrx_word' id='word_1_142' title='bbox 1203 1444 1408 1489; x_wconf 59' lang='lat' dir='ltr'>nudiores</span> 
     </span>
     <span class='ocr_line' id='line_1_19' title="bbox 139 1511 1410 1572; baseline 0.002 -16"><span class='ocrx_word' id='word_1_143' title='bbox 139 1512 282 1557; x_wconf 86' lang='lat' dir='ltr'>sacros</span> <span class='ocrx_word' id='word_1_144' title='bbox 294 1517 595 1571; x_wconf 85' lang='lat' dir='ltr'>profanosque</span> <span class='ocrx_word' id='word_1_145' title='bbox 607 1514 951 1558; x_wconf 76' lang='lat' dir='ltr'>commentarius</span> <span class='ocrx_word' id='word_1_146' title='bbox 963 1511 1135 1571; x_wconf 91' lang='lat' dir='ltr'>philolo</span> <span class='ocrx_word' id='word_1_147' title='bbox 1140 1515 1278 1572; x_wconf 76' lang='lat' dir='ltr'><strong>gicuS,</strong></span> <span class='ocrx_word' id='word_1_148' title='bbox 1291 1520 1410 1571; x_wconf 77' lang='lat' dir='ltr'>part.</span> 
     </span>
     <span class='ocr_line' id='line_1_20' title="bbox 140 1578 1409 1639; baseline 0.002 -17"><span class='ocrx_word' id='word_1_149' title='bbox 140 1578 219 1627; x_wconf 89' lang='lat' dir='ltr'>IV.</span> <span class='ocrx_word' id='word_1_150' title='bbox 252 1582 369 1639; x_wconf 89' lang='lat' dir='ltr'><strong>cui,·</strong></span> <span class='ocrx_word' id='word_1_151' title='bbox 405 1581 477 1638; x_wconf 84' lang='lat' dir='ltr'>(vt</span> <span class='ocrx_word' id='word_1_152' title='bbox 505 1582 553 1625; x_wconf 90' lang='lat' dir='ltr'>in</span> <span class='ocrx_word' id='word_1_153' title='bbox 600 1579 737 1626; x_wconf 81' lang='lat' dir='ltr'>titulo</span> <span class='ocrx_word' id='word_1_154' title='bbox 785 1580 1010 1638; x_wconf 82' lang='lat' dir='ltr'>notatur‚)</span> <span class='ocrx_word' id='word_1_155' title='bbox 1052 1582 1272 1626; x_wconf 83' lang='lat' dir='ltr'>accedunt</span> <span class='ocrx_word' id='word_1_156' title='bbox 1314 1588 1409 1626; x_wconf 84' lang='lat' dir='ltr'>tres</span> 
     </span>
     <span class='ocr_line' id='line_1_21' title="bbox 141 1646 1413 1707; baseline 0 -15"><span class='ocrx_word' id='word_1_157' title='bbox 141 1646 298 1707; x_wconf 85' lang='lat' dir='ltr'><strong>hymni</strong></span> <span class='ocrx_word' id='word_1_158' title='bbox 321 1647 510 1705; x_wconf 87' lang='lat' dir='ltr'>orphici,</span> <span class='ocrx_word' id='word_1_159' title='bbox 537 1663 562 1692; x_wconf 91' lang='lat' dir='ltr'>e</span> <span class='ocrx_word' id='word_1_160' title='bbox 586 1648 721 1692; x_wconf 88' lang='lat' dir='ltr'>codd.</span> <span class='ocrx_word' id='word_1_161' title='bbox 745 1648 892 1699; x_wconf 68' lang='lat' dir='ltr'><strong>msstis</strong></span> <span class='ocrx_word' id='word_1_162' title='bbox 913 1662 1035 1692; x_wconf 89' lang='lat' dir='ltr'>nunc</span> <span class='ocrx_word' id='word_1_163' title='bbox 1055 1650 1248 1706; x_wconf 85' lang='lat' dir='ltr'>primum</span> <span class='ocrx_word' id='word_1_164' title='bbox 1273 1647 1413 1702; x_wconf 53' lang='lat' dir='ltr'>ducii,</span> 
     </span>
     <span class='ocr_line' id='line_1_22' title="bbox 109 1714 1413 1790; baseline 0 -30"><span class='ocrx_word' id='word_1_165' title='bbox 109 1716 191 1761; x_wconf 70' lang='lat' dir='ltr'>,in</span> <span class='ocrx_word' id='word_1_166' title='bbox 214 1714 359 1758; x_wconf 84' lang='lat' dir='ltr'>iucem</span> <span class='ocrx_word' id='word_1_167' title='bbox 383 1716 494 1772; x_wconf 82' lang='lat' dir='ltr'>dati,</span> <span class='ocrx_word' id='word_1_168' title='bbox 529 1716 740 1760; x_wconf 73' lang='lat' dir='ltr'>Cant-abr.</span> <span class='ocrx_word' id='word_1_169' title='bbox 769 1722 817 1759; x_wconf 86' lang='lat' dir='ltr'>et</span> <span class='ocrx_word' id='word_1_170' title='bbox 837 1714 1034 1759; x_wconf 84' lang='lat' dir='ltr'><strong>Londini</strong></span> <span class='ocrx_word' id='word_1_171' title='bbox 1077 1728 1219 1790; x_wconf 85' lang='grc'>1793.</span> <span class='ocrx_word' id='word_1_172' title='bbox 1256 1721 1300 1768; x_wconf 88' lang='grc'>8.</span> <span class='ocrx_word' id='word_1_173' title='bbox 1348 1717 1413 1761; x_wconf 76' lang='lat' dir='ltr'>At</span> 
     </span>
    </p>
   </div>
   <div class='ocr_carea' id='block_1_3' title="bbox 26 1779 1418 1840">
    <p class='ocr_par' dir='ltr' id='par_1_3' title="bbox 26 1779 1418 1840">
     <span class='ocr_line' id='line_1_23' title="bbox 26 1779 1418 1840; baseline 0.001 -14"><span class='ocrx_word' id='word_1_174' title='bbox 26 1790 29 1793; x_wconf 86' lang='grc'><em>“</em></span> <span class='ocrx_word' id='word_1_175' title='bbox 90 1824 91 1827; x_wconf 75' lang='grc'>,</span> <span class='ocrx_word' id='word_1_176' title='bbox 140 1781 361 1827; x_wconf 87' lang='lat' dir='ltr'>secundus</span> <span class='ocrx_word' id='word_1_177' title='bbox 386 1783 448 1827; x_wconf 89' lang='lat' dir='ltr'>H.</span> <span class='ocrx_word' id='word_1_178' title='bbox 471 1782 588 1840; x_wconf 88' lang='lat' dir='ltr'>apud</span> <span class='ocrx_word' id='word_1_179' title='bbox 611 1779 814 1828; x_wconf 86' lang='lat' dir='ltr'>Wackef.</span> <span class='ocrx_word' id='word_1_180' title='bbox 850 1780 913 1825; x_wconf 84' lang='lat' dir='ltr'>est</span> <span class='ocrx_word' id='word_1_181' title='bbox 946 1782 1082 1835; x_wconf 88' lang='lat' dir='ltr'>idem,</span> <span class='ocrx_word' id='word_1_182' title='bbox 1116 1783 1192 1840; x_wconf 89' lang='lat' dir='ltr'>qui</span> <span class='ocrx_word' id='word_1_183' title='bbox 1226 1783 1273 1826; x_wconf 90' lang='lat' dir='ltr'>in</span> <span class='ocrx_word' id='word_1_184' title='bbox 1306 1782 1418 1828; x_wconf 89' lang='lat' dir='ltr'><strong>bibl.</strong></span> 
     </span>
    </p>
   </div>
   <div class='ocr_carea' id='block_1_4' title="bbox 142 1843 1418 2182">
    <p class='ocr_par' dir='ltr' id='par_1_4' title="bbox 142 1843 1415 2182">
     <span class='ocr_line' id='line_1_24' title="bbox 142 1843 1415 1910; baseline 0.002 -15"><span class='ocrx_word' id='word_1_185' title='bbox 142 1864 280 1897; x_wconf 83' lang='lat' dir='ltr'>mern.</span> <span class='ocrx_word' id='word_1_186' title='bbox 314 1865 339 1894; x_wconf 87' lang='lat' dir='ltr'>a</span> <span class='ocrx_word' id='word_1_187' title='bbox 366 1849 622 1910; x_wconf 87' lang='lat' dir='ltr'>Tychsenio</span> <span class='ocrx_word' id='word_1_188' title='bbox 655 1864 755 1894; x_wconf 88' lang='lat' dir='ltr'>cum</span> <span class='ocrx_word' id='word_1_189' title='bbox 789 1848 1104 1907; x_wconf 86' lang='lat' dir='ltr'>inscriptione</span> <span class='ocrx_word' id='word_1_190' title='bbox 1109 1843 1304 1905; x_wconf 77' lang='grc' dir='ltr'><strong><em>Ἐκοέτης</em></strong></span> <span class='ocrx_word' id='word_1_191' title='bbox 1334 1868 1415 1908; x_wconf 57' lang='lat'>&amp;921</span> 
     </span>
     <span class='ocr_line' id='line_1_25' title="bbox 146 1910 1418 1979; baseline -0.001 -15"><span class='ocrx_word' id='word_1_192' title='bbox 146 1910 250 1968; x_wconf 71' lang='lat'>102218</span> <span class='ocrx_word' id='word_1_193' title='bbox 266 1919 413 1964; x_wconf 84' lang='lat' dir='ltr'>editus</span> <span class='ocrx_word' id='word_1_194' title='bbox 437 1917 511 1963; x_wconf 88' lang='lat' dir='ltr'>est.</span> <span class='ocrx_word' id='word_1_195' title='bbox 578 1919 759 1962; x_wconf 82' lang='lat' dir='ltr'>Tertius</span> <span class='ocrx_word' id='word_1_196' title='bbox 782 1918 900 1975; x_wconf 89' lang='lat' dir='ltr'>apud</span> <span class='ocrx_word' id='word_1_197' title='bbox 926 1916 1078 1963; x_wconf 86' lang='lat' dir='ltr'>Wack</span> <span class='ocrx_word' id='word_1_198' title='bbox 1105 1917 1166 1962; x_wconf 88' lang='lat' dir='ltr'>est</span> <span class='ocrx_word' id='word_1_199' title='bbox 1189 1921 1418 1979; x_wconf 86' lang='lat' dir='ltr'>fragmen·</span> 
     </span>
     <span class='ocr_line' id='line_1_26' title="bbox 143 1983 1416 2034; baseline -0.001 -3"><span class='ocrx_word' id='word_1_200' title='bbox 143 1993 244 2031; x_wconf 86' lang='lat' dir='ltr'>tum</span> <span class='ocrx_word' id='word_1_201' title='bbox 267 1987 325 2030; x_wconf 89' lang='lat' dir='ltr'>H</span> <span class='ocrx_word' id='word_1_202' title='bbox 352 1984 530 2030; x_wconf 85' lang='lat' dir='ltr'>Procli&#39;</span> <span class='ocrx_word' id='word_1_203' title='bbox 519 2000 566 2030; x_wconf 92' lang='lat' dir='ltr'>1n</span> <span class='ocrx_word' id='word_1_204' title='bbox 591 1984 734 2030; x_wconf 84' lang='lat' dir='ltr'>Musas</span> <span class='ocrx_word' id='word_1_205' title='bbox 767 1986 815 2029; x_wconf 86' lang='lat' dir='ltr'>in</span> <span class='ocrx_word' id='word_1_206' title='bbox 831 1983 1040 2030; x_wconf 87' lang='lat' dir='ltr'>Brunckii</span> <span class='ocrx_word' id='word_1_207' title='bbox 1070 1984 1179 2030; x_wconf 85' lang='lat' dir='ltr'>anal</span> <span class='ocrx_word' id='word_1_208' title='bbox 1213 1992 1327 2033; x_wconf 86' lang='lat' dir='ltr'><strong>tom.</strong></span> <span class='ocrx_word' id='word_1_209' title='bbox 1357 1988 1416 2034; x_wconf 83' lang='lat'>11.</span> 
     </span>
     <span class='ocr_line' id='line_1_27' title="bbox 146 2052 1415 2133; baseline 0.001 -36"><span class='ocrx_word' id='word_1_210' title='bbox 146 2068 247 2133; x_wconf 88' lang='lat' dir='ltr'>pag</span> <span class='ocrx_word' id='word_1_211' title='bbox 278 2063 392 2112; x_wconf 86' lang='lat'><strong>443.</strong></span> <span class='ocrx_word' id='word_1_212' title='bbox 428 2068 453 2096; x_wconf 86' lang='lat' dir='ltr'>a</span> <span class='ocrx_word' id='word_1_213' title='bbox 484 2052 613 2098; x_wconf 86' lang='lat' dir='ltr'>versu</span> <span class='ocrx_word' id='word_1_214' title='bbox 650 2057 723 2104; x_wconf 84' lang='lat'>18.</span> <span class='ocrx_word' id='word_1_215' title='bbox 752 2067 892 2112; x_wconf 85' lang='lat' dir='ltr'>vsque</span> <span class='ocrx_word' id='word_1_216' title='bbox 935 2054 989 2098; x_wconf 91' lang='lat' dir='ltr'>ad</span> <span class='ocrx_word' id='word_1_217' title='bbox 1034 2052 1112 2100; x_wconf 86' lang='lat' dir='ltr'>fin.</span> <span class='ocrx_word' id='word_1_218' title='bbox 1144 2076 1210 2088; x_wconf 85' lang='lat'>·-</span> <span class='ocrx_word' id='word_1_219' title='bbox 1240 2056 1415 2114; x_wconf 87' lang='lat' dir='ltr'><strong>Hymn.</strong></span> 
     </span>
     <span class='ocr_line' id='line_1_28' title="bbox 149 2111 1415 2182; baseline -0.006 -10"><span class='ocrx_word' id='word_1_220' title='bbox 149 2115 325 2176; x_wconf 57' lang='grc' dir='ltr'>ἑκών-ης</span> <span class='ocrx_word' id='word_1_221' title='bbox 345 2137 422 2180; x_wconf 51' lang='lat' dir='ltr'>&amp;qq</span> <span class='ocrx_word' id='word_1_222' title='bbox 444 2111 550 2171; x_wconf 72' lang='grc' dir='ltr'>Ιόινε</span> <span class='ocrx_word' id='word_1_223' title='bbox 571 2121 723 2177; x_wconf 89' lang='lat' dir='ltr'>recepi</span> <span class='ocrx_word' id='word_1_224' title='bbox 751 2120 800 2164; x_wconf 85' lang='lat' dir='ltr'>in</span> <span class='ocrx_word' id='word_1_225' title='bbox 830 2119 1017 2168; x_wconf 83' lang='lat' dir='ltr'><strong>Anthol.</strong></span> <span class='ocrx_word' id='word_1_226' title='bbox 1051 2137 1120 2182; x_wconf 84' lang='lat' dir='ltr'>gr.</span> <span class='ocrx_word' id='word_1_227' title='bbox 1157 2129 1284 2179; x_wconf 88' lang='lat' dir='ltr'>poet.</span> <span class='ocrx_word' id='word_1_228' title='bbox 1312 2137 1415 2182; x_wconf 86' lang='lat' dir='ltr'>pag.</span> 
     </span>
    </p>
   </div>
   <div class='ocr_carea' id='block_1_5' title="bbox 149 2184 1530 2249">
    <p class='ocr_par' dir='ltr' id='par_1_5' title="bbox 149 2184 1530 2249">
     <span class='ocr_line' id='line_1_29' title="bbox 149 2184 1530 2249; baseline 0 -15"><span class='ocrx_word' id='word_1_229' title='bbox 149 2203 232 2249; x_wconf 90' lang='lat'>79.</span> <span class='ocrx_word' id='word_1_230' title='bbox 253 2189 317 2248; x_wconf 81' lang='lat' dir='ltr'>sq.</span> <span class='ocrx_word' id='word_1_231' title='bbox 340 2189 411 2234; x_wconf 88' lang='lat' dir='ltr'>ed.</span> <span class='ocrx_word' id='word_1_232' title='bbox 436 2189 716 2234; x_wconf 80' lang='lat' dir='ltr'>Baruthinae.</span> <span class='ocrx_word' id='word_1_233' title='bbox 753 2210 821 2221; x_wconf 90' lang='lat'>—</span> <span class='ocrx_word' id='word_1_234' title='bbox 887 2184 1090 2231; x_wconf 77' lang='lat' dir='ltr'>Bernard</span> <span class='ocrx_word' id='word_1_235' title='bbox 1120 2190 1167 2232; x_wconf 90' lang='lat' dir='ltr'>in</span> <span class='ocrx_word' id='word_1_236' title='bbox 1202 2187 1326 2246; x_wconf 87' lang='lat' dir='ltr'>epist.</span> <span class='ocrx_word' id='word_1_237' title='bbox 1357 2189 1441 2234; x_wconf 86' lang='lat' dir='ltr'>ad·</span> <span class='ocrx_word' id='word_1_238' title='bbox 1528 2199 1530 2201; x_wconf 82' lang='grc'><strong>’</strong></span> 
     </span>
    </p>
   </div>
   <div class='ocr_carea' id='block_1_6' title="bbox 146 2255 1424 2654">
    <p class='ocr_par' dir='ltr' id='par_1_6' title="bbox 146 2255 1417 2384">
     <span class='ocr_line' id='line_1_30' title="bbox 146 2255 1413 2313; baseline 0.002 -13"><span class='ocrx_word' id='word_1_239' title='bbox 146 2255 391 2311; x_wconf 86' lang='lat' dir='ltr'>Reiskium,</span> <span class='ocrx_word' id='word_1_240' title='bbox 427 2255 575 2313; x_wconf 84' lang='lat' dir='ltr'>(huius</span> <span class='ocrx_word' id='word_1_241' title='bbox 599 2257 716 2301; x_wconf 83' lang='lat' dir='ltr'>vitae</span> <span class='ocrx_word' id='word_1_242' title='bbox 745 2256 799 2300; x_wconf 85' lang='lat' dir='ltr'>ab</span> <span class='ocrx_word' id='word_1_243' title='bbox 823 2256 916 2299; x_wconf 86' lang='lat' dir='ltr'>eius</span> <span class='ocrx_word' id='word_1_244' title='bbox 941 2272 1096 2309; x_wconf 84' lang='lat' dir='ltr'>vxore,</span> <span class='ocrx_word' id='word_1_245' title='bbox 1129 2256 1275 2302; x_wconf 85' lang='lat' dir='ltr'>editae</span> <span class='ocrx_word' id='word_1_246' title='bbox 1311 2271 1413 2303; x_wconf 89' lang='lat' dir='ltr'>cum</span> 
     </span>
     <span class='ocr_line' id='line_1_31' title="bbox 151 2323 1417 2384; baseline 0.002 -16"><span class='ocrx_word' id='word_1_247' title='bbox 151 2323 243 2368; x_wconf 81' lang='lat' dir='ltr'><strong>aliis</strong></span> <span class='ocrx_word' id='word_1_248' title='bbox 267 2324 497 2371; x_wconf 78' lang='lat' dir='ltr'>subiuncta</span> <span class='ocrx_word' id='word_1_249' title='bbox 521 2339 620 2384; x_wconf 81' lang='lat' dir='ltr'>pag.</span> <span class='ocrx_word' id='word_1_250' title='bbox 646 2323 779 2382; x_wconf 84' lang='lat'><strong>246.)</strong></span> <span class='ocrx_word' id='word_1_251' title='bbox 816 2323 1027 2370; x_wconf 81' lang='lat' dir='ltr'>emendat</span> <span class='ocrx_word' id='word_1_252' title='bbox 1053 2325 1266 2383; x_wconf 82' lang='lat' dir='ltr'>quosdam</span> <span class='ocrx_word' id='word_1_253' title='bbox 1290 2325 1347 2374; x_wconf 86' lang='lat' dir='ltr'>H.</span> <span class='ocrx_word' id='word_1_254' title='bbox 1367 2326 1417 2370; x_wconf 87' lang='lat' dir='ltr'>in</span> 
     </span>
    </p>

    <p class='ocr_par' dir='ltr' id='par_1_7' title="bbox 152 2391 1424 2654">
     <span class='ocr_line' id='line_1_32' title="bbox 152 2391 895 2438; baseline 0.001 -1"><span class='ocrx_word' id='word_1_255' title='bbox 152 2393 404 2437; x_wconf 78' lang='lat' dir='ltr'>Mineruam</span> <span class='ocrx_word' id='word_1_256' title='bbox 422 2400 517 2438; x_wconf 84' lang='lat' dir='ltr'>tum</span> <span class='ocrx_word' id='word_1_257' title='bbox 539 2392 698 2437; x_wconf 84' lang='lat' dir='ltr'>inediti</span> <span class='ocrx_word' id='word_1_258' title='bbox 731 2391 895 2438; x_wconf 75' lang='lat' dir='ltr'>versuS.</span> 
     </span>
     <span class='ocr_line' id='line_1_33' title="bbox 259 2454 1424 2520; baseline 0.003 -19"><span class='ocrx_word' id='word_1_259' title='bbox 259 2457 310 2502; x_wconf 87' lang='lat' dir='ltr'>In</span> <span class='ocrx_word' id='word_1_260' title='bbox 332 2457 527 2504; x_wconf 78' lang='lat' dir='ltr'>Platonis</span> <span class='ocrx_word' id='word_1_261' title='bbox 546 2457 798 2520; x_wconf 69' lang='lat' dir='ltr'>theologiam</span> <span class='ocrx_word' id='word_1_262' title='bbox 818 2454 938 2504; x_wconf 67' lang='lat' dir='ltr'>xlibri</span> <span class='ocrx_word' id='word_1_263' title='bbox 942 2455 1049 2518; x_wconf 82' lang='lat' dir='ltr'>sex,</span> <span class='ocrx_word' id='word_1_264' title='bbox 1085 2475 1167 2520; x_wconf 88' lang='lat' dir='ltr'>per</span> <span class='ocrx_word' id='word_1_265' title='bbox 1194 2458 1424 2504; x_wconf 82' lang='lat' dir='ltr'>Aemilium</span> 
     </span>
     <span class='ocr_line' id='line_1_34' title="bbox 158 2523 1421 2590; baseline 0.003 -21"><span class='ocrx_word' id='word_1_266' title='bbox 158 2523 351 2577; x_wconf 76' lang='lat' dir='ltr'>Portum.</span> <span class='ocrx_word' id='word_1_267' title='bbox 386 2543 454 2589; x_wconf 84' lang='lat' dir='ltr'>gr.</span> <span class='ocrx_word' id='word_1_268' title='bbox 475 2535 523 2577; x_wconf 82' lang='lat' dir='ltr'>et</span> <span class='ocrx_word' id='word_1_269' title='bbox 542 2527 805 2590; x_wconf 59' lang='lat' dir='ltr'>lanfiamb.</span> <span class='ocrx_word' id='word_1_270' title='bbox 838 2528 977 2581; x_wconf 84' lang='lat'><strong>1618.</strong></span> <span class='ocrx_word' id='word_1_271' title='bbox 1004 2527 1083 2578; x_wconf 87' lang='lat' dir='ltr'><strong>fol.</strong></span> <span class='ocrx_word' id='word_1_272' title='bbox 1149 2526 1341 2574; x_wconf 81' lang='lat' dir='ltr'>Praefixa</span> <span class='ocrx_word' id='word_1_273' title='bbox 1358 2527 1421 2573; x_wconf 86' lang='lat' dir='ltr'>est</span> 
     </span>
     <span class='ocr_line' id='line_1_35' title="bbox 691 2595 1422 2654; baseline -0.001 -14"><span class='ocrx_word' id='word_1_274' title='bbox 691 2595 767 2641; x_wconf 81' lang='lat' dir='ltr'>Aa</span> <span class='ocrx_word' id='word_1_275' title='bbox 806 2604 834 2654; x_wconf 84' lang='grc'>5</span> <span class='ocrx_word' id='word_1_276' title='bbox 1273 2595 1422 2640; x_wconf 78' lang='lat' dir='ltr'>Mari-</span> 
     </span>
    </p>
   </div>
  </div>
 </body>
</html>
