1686 3025
266 255 292 287 2
305 255 362 288 10
669 239 859 287 IVLIVS
890 238 1119 289 POLLVX.

268 373 364 412 tem
382 363 497 412 illius
518 366 605 411 vita
620 377 801 411 ornnem
821 364 992 410 illarum
1014 364 1264 412 litterarum
1291 367 1528 423 historiam,

269 445 317 479 et
341 434 572 490 quomodo
597 434 730 477 amica
762 432 1058 478 illa‘ssentleii
1093 435 1271 479 censura
1303 436 1530 480 Hernster-

268 500 375 546 hufii
404 503 597 543 animum
622 516 763 557 paene
785 502 987 560 fregerit,
1020 502 1196 545 vberius
1219 505 1432 561 exposuit.
1482 528 1526 540 -

269 564 451 615 Adrian.
471 567 670 627 Hel-iuga
693 569 741 611 in
765 569 1018 613 Obseruatt.
1045 570 1295 613 criticarum
1318 569 1433 614 libro
1449 568 1535 613 fin·

272 634 440 694 gissari,
487 649 578 692 cap.
601 637 677 682 ΙΙΙ.
706 650 804 694 pag.
831 648 886 694 23
922 636 1014 692 sqq.
1034 645 1081 680 et
1105 635 1161 681 H.
1193 635 1330 681 Vales.
1373 641 1534 688 Emen-

270 703 381 746 datt.
408 701 483 745 lib.
515 703 548 748 Ι.
571 717 694 760 capp.
736 715 792 748 12
816 702 908 760 sqq.
933 717 1030 761 pag.
1055 709 1107 755 18
1134 703 1225 761 sqq.
1241 703 1365 762 plura
1387 704 1534 748 Pollu-

271 770 331 813 cis
356 767 451 812 loca
479 771 785 815 emendarunt.

379 851 422 895 ς.
458 836 527 881 Ad
553 839 806 882 vberiorem
817 837 1090 895 antiquitatis
1103 853 1286 898 graecae
1310 839 1536 898 cognitio-

271 918 379 948 nem
401 912 449 949 et
464 905 715 950 adcuratam
736 904 913 963 linguae
948 920 1130 964 graecae
1162 904 1387 952 scientiam
1411 904 1535 963 copi-

272 987 431 1029 amque
453 981 500 1016 et
522 971 661 1018 multa
716 982 920 1016 veterum
979 980 1214 1029 poetarum
1244 972 1368 1031 loca,
1423 986 1533 1029 quae

269 1038 427 1083 Pollux
448 1041 500 1083 ab
521 1041 707 1084 interitu
723 1039 913 1083 seruauit
929 1069 942 1091 ,
999 1038 1251 1099 colligenda
1277 1038 1534 1099 intelligen-

273 1107 444 1165 daque,
480 1107 533 1150 ad
559 1105 782 1150 historiam
808 1107 1002 1163 denique
1029 1107 1273 1150 multorum
1299 1115 1535 1164 poetarum

272 1172 552 1230 aliorumque
592 1173 854 1217 litterariam
895 1181 942 1215 et
978 1173 1175 1216 criticam
1197 1172 1384 1231 scriptor
1406 1172 1466 1217 est
1488 1181 1537 1219 et

273 1237 517 1284 vtiliffimus
541 1246 589 1283 et
611 1254 721 1283 vero
745 1239 930 1282 maxime
951 1235 1228 1287 necessarius.

376 1306 422 1353 6.
459 1307 629 1352 Confer
652 1305 866 1348 Battierii
886 1302 994 1352 obss'.
1020 1307 1132 1349 infra
1161 1303 1201 1363 ᾗ.
1222 1317 1281 1363 74
1310 1307 1366 1350 de
1397 1307 1538 1366 Diog.

273 1370 422 1418 Laert.
450 1388 494 1417 n.
519 1373 561 1417 6.
585 1382 868 1432 memoratas,
917 1394 981 1406 —-
1013 1367 1210 1415 Fabricii
1241 1375 1286 1418 B.
1315 1375 1390 1418 Gr.
1420 1375 1539 1421 Libr.

272 1442 348 1485 IV.
366 1439 469 1484 Vol.
488 1439 584 1484 1111.
611 1456 712 1501 pag.
736 1446 852 1497 489.
881 1440 976 1499 sqq.
1001 1441 1070 1484 ed.
1109 1450 1199 1485 vet.
1233 1464 1300 1473 -
1330 1438 1540 1495 Hemster—

274 1503 366 1567 hus.
390 1510 526 1566 praef.
553 1508 607 1552 ad
631 1506 874 1554 Pollucem.
911 1531 978 1540 -
1014 1506 1142 1550 Saxii
1168 1507 1392 1553 Onomast.
1415 1507 1538 1568 litor.
1577 1533 1579 1535 ν

276 1577 309 1621 Ι.
334 1591 435 1636 pag.
460 1581 570 1635 328.
605 1598 672 1609 —
708 1571 991 1631 Hemsterhus.
1011 1573 1151 1621 litter.
1168 1576 1223 1619 ad
1249 1574 1537 1620 Lederlinum

276 1644 330 1686 ad
355 1642 582 1687 Pollucem
600 1643 878 1699 pertinentes
900 1643 947 1684 in
967 1640 1020 1685 cl.
1042 1640 1244 1700 Meuselii
1262 1641 1536 1687 Historisch·

275 1708 874 1768 litterarisch-bibliograph.
897 1709 1121 1769 Nlagazin,
1154 1716 1264 1765 part.
1296 1712 1408 1756 VIII.
1435 1726 1536 1768 pag.

276 1787 373 1834 402
399 1776 460 1834 sq.
490 1799 558 1809 ·--
584 1771 998 1820 CodicemVosfian.
1020 1777 1130 1819 mire
1143 1775 1290 1820 laudat
1302 1776 1536 1832 Spanhem.

278 1844 333 1887 ad
368 1843 524 1887 Iuliani
558 1842 747 1887 Caesaris
779 1858 876 1902 pag.
906 1857 967 1899 45
998 1843 1069 1886 ed.
1111 1841 1402 1903 Heusingeri‚
1450 1856 1537 1888 nec

277 1927 375 1954 non
397 1913 544 1955 Iunius
566 1919 612 1955 et
638 1913 857 1954 Burmann
877 1912 916 1953 Π
938 1911 985 1953 in
1002 1917 1111 1956 nota
1135 1910 1190 1955 ad
1225 1909 1368 1956 vales.
1391 1926 1538 1956 emen·

278 1978 389 2024 datt.
409 1977 438 2026 l.
459 1980 532 2024 cit.

817 2094 857 2145 §s
925 2095 1002 2148 65·

383 2174 704 2231 ADRIANVS,
736 2176 934 2222 Phoenix
955 2178 1146 2237 Tyrius,
1180 2172 1363 2236 sophista
1379 2177 1538 2222 etrhe·

280 2252 382 2296 tor,
418 2243 574 2290 floruit
600 2247 701 2290 circ.
721 2244 773 2287 A.
798 2247 849 2291 C.
882 2254 985 2295 180.
1031 2245 1220 2288 Herodis
1243 2247 1380 2289 Attici
1412 2246 1538 2290 disci-

282 2311 437 2369 pulus,
473 2314 585 2357 etin
613 2312 819 2358 cathedra
856 2309 1113 2358 Atheniensi
1146 2308 1371 2356 successor.
1438 2315 1538 2357 Aria

282 2377 399 2421 ssidis
437 2379 629 2424 aemulus
663 2380 849 2425 Athenis
893 2382 936 2422 in
975 2378 1276 2423 declamando.
1351 2379 1537 2424 Aurelio

247 2494 252 2498 ¹
283 2446 541 2500 imperatori
575 2449 658 2492 fuit
685 2463 807 2491 carus
858 2457 905 2491 et
941 2446 1195 2491 Commodo
1232 2448 1284 2490 ab
1328 2446 1536 2504 epistolis.

282 2514 477 2567 Romae,
511 2513 739 2575 ostoginta
763 2515 938 2560 circiter
963 2528 1103 2558 annos
1124 2522 1267 2572 natus,
1299 2516 1451 2560 viuere
1462 2515 1537 2558 de-

1453 2578 1536 2628 fiit.
