1727 3005
609 259 679 305 PL
687 258 1001 309 VTARCHVS.
1130 326 1138 327 ἶ
1373 267 1430 314 ει

165 390 391 434 variorum
417 385 469 431 V.
496 387 551 432 D.
579 383 1119 444 opiniones'persequitur
1139 390 1273 443 atque
1299 387 1425 431 Acci-

165 456 329 500 aioium
350 472 371 499 a
399 456 582 499 crimine
607 456 764 498 fraudis
786 462 941 498 contra
971 451 1185 498 Rualdum
1217 455 1424 500 defendit

164 525 212 568 in
238 523 533 567 histor.Acad.
557 523 688 566 Inscr.
701 532 810 566 tom.
835 523 908 564 ΠΙ.
943 536 1043 580 pag.
1078 535 1184 580 357.
1217 545 1285 554 --
1351 522 1423 564 Li-

167 591 332 634 bellum
368 592 424 634 de
469 589 722 632 fluminibus
757 584 843 631 effe
870 587 1115 641 Plutarchi,
1167 588 1422 634 testimonio

164 657 377 703 Eustachii
402 658 452 700 ad
478 658 671 700 Homeri
706 654 752 698 Il.
773 647 838 713 γ’.
870 670 969 713 pag.
1016 662 1124 711 381.
1163 658 1231 701 ed.
1263 659 1422 701 Roma-

163 741 246 768 nae
266 733 313 768 et
347 725 398 766 ad
437 718 585 781 Odyff.
622 714 680 768 τ’.
713 737 813 780 pag.
854 727 979 778 1854
1016 722 1148 767 fultus
1184 726 1422 769 contendit

163 793 344 850 quidem
367 789 598 847 [Wenagius
623 791 668 832 in
689 789 901 832 amoenit.
933 789 1037 832 iuris
1061 790 1200 834 ciuilis
1225 795 1315 848 cap.
1344 794 1420 838 111.

159 867 258 917 pag.
287 861 341 903 ΙΙ.
365 857 425 914 sq.
448 856 520 899 sed
539 857 685 906 addit,
715 854 996 900 Plutarchum
1019 855 1158 910 illum,
1194 860 1420 904 auctorem

158 924 298 969 libelli
332 925 388 967 de
423 922 706 981 fluminibu5‚
749 922 882 966 alium
921 919 1007 968 effe
1043 939 1066 967 a
1101 923 1419 984 Chaeronensi,

157 993 246 1035 iam
268 988 415 1034 Voffio
439 992 491 1034 ad
515 990 674 1035 Melam
700 989 776 1035 lib.
804 992 840 1035 Ι.
864 1005 957 1048 cap.
975 997 1017 1042 8.
1042 1006 1140 1050 pag.
1167 991 1245 1047 46.
1261 1003 1419 1038 contra

157 1059 406 1102 Nlausacum
421 1069 639 1103 monente
658 1075 667 1101 :
705 1059 779 1114 qui
801 1059 968 1102 ibidem
984 1060 1228 1103 recentiori
1245 1061 1419 1105 cuidam

157 1125 392 1170 Plutarcho
423 1125 623 1170 Parallela
643 1125 920 1169 historiarum
947 1141 1013 1184 gr.
1052 1134 1101 1171 et
1132 1141 1245 1172 rom.
1282 1129 1418 1172 adtri-

159 1195 271 1239 buit.
303 1216 369 1226 —-
405 1192 655 1242 -Libellum
683 1188 737 1236 de
768 1195 983 1237 conuiuiis
1020 1192 1267 1250 sapientum
1319 1195 1418 1252 spu-

158 1261 274 1304 rium
289 1295 301 1313 ,
334 1259 570 1305 Plutarcho
594 1262 829 1321 indignum
850 1262 1057 1318 adeoque
1091 1260 1417 1318 supposititium

161 1323 248 1371 effe
273 1327 458 1370 Meiners
481 1328 676 1385 pluribus
699 1329 972 1388 argumentis
991 1327 1088 1374 vsus
1112 1329 1417 1374 demonstrare

158 1393 325 1439 studuit
345 1396 417 1446 in,
462 1395 724 1439 Geschichte
755 1410 847 1438 von
883 1396 985 1439 dem
1015 1396 1247 1456 Vrsprung
1284 1421 1329 1428 -
1365 1420 1417 1430 —-

159 1462 243 1506 der
263 1458 634 1505 Wiffenschaften
647 1463 694 1504 in
704 1461 1024 1506 Griechenland
1045 1463 1134 1505 vnd
1145 1465 1273 1507 Rom.
1299 1473 1414 1512 tom.

157 1531 191 1572 Ι.
207 1544 306 1588 pag.
338 1543 354 1572 1
369 1544 389 1587 3
403 1542 425 1585 5
443 1529 534 1585 sqq.
558 1528 681 1571 secus
697 1538 846 1572 tamen
865 1528 1000 1572 sentit
1021 1529 1176 1573 censor
1190 1528 1289 1575 libri
1307 1534 1415 1576 Mei-

159 1594 345 1640 nerfiani
369 1597 415 1637 in
439 1594 706 1638 bibliotheca
733 1596 882 1638 critica
908 1594 1146 1638 Amstelod.
1167 1607 1278 1652 part.
1294 1600 1411 1643 Vm.

157 1677 260 1722 pag.
291 1673 399 1706 101.
427 1668 524 1704 not.
550 1674 583 1704 e.
608 1661 728 1704 Idem
740 1659 930 1701 Meiners·
953 1660 982 1705 l.
1011 1676 1047 1704 c.
1071 1677 1170 1721 pag.
1193 1672 1413 1716 248.n0t.

154 1728 318 1774 librum
342 1728 397 1772 de
418 1729 554 1789 genio
578 1728 795 1779 Socratis,
832 1742 966 1784 quem
991 1727 1228 1785 aliquando
1252 1731 1413 1789 suppo-

156 1794 338 1841 fititium
361 1795 598 1847 habuerat,
636 1796 881 1854 genuinum
917 1790 1003 1838 else
1033 1793 1191 1848 senfit„
1213 1821 1269 1829 -—
1341 1802 1413 1843 Li-

157 1863 326 1907 bellum
347 1864 403 1907 de
426 1862 517 1907 sera
551 1864 742 1906 numinis
773 1860 966 1906 vindicta
993 1861 1199 1904 Erasmus
1234 1863 1350 1910 Chil.
1374 1869 1411 1911 1.

157 1938 277 1976 cent.
298 1931 342 1975 6.
369 1946 410 1977 n.
430 1944 492 1989 42
518 1945 612 1974 non
636 1928 852 1974 Plutarchi
868 1926 979 1987 effe,
1014 1931 1074 1974 ob
1089 1930 1169 1974 stili
1184 1931 1411 1979 diuersita-

156 2007 254 2044 tem
290 1998 543 2055 suspicatur.
580 1996 722 2043 Nlulta
751 1996 851 2048 alia,
906 2013 1016 2055 quae
1049 2000 1310 2055 perierunt,
1363 2009 1410 2047 et

157 2081 351 2124 quorum
382 2064 631 2123 catalogum
659 2066 784 2115 dedit
821 2066 1037 2109 Fabricius
1085 2081 1183 2126 pag.
1223 2061 1316 2126 ι369
1351 2070 1410 2113 de

154 2132 419 2186 Plutarcho,
454 2133 524 2176 hic
543 2131 722 2190 scripsit.
791 2134 1008 2176 Fabricius
1044 2135 1090 2176 in
1124 2136 1172 2180 Β.
1215 2136 1287 2178 Gr.
1317 2135 1409 2181 vol.

155 2202 250 2246 XII.
275 2216 372 2259 pag.
400 2199 505 2257 265.
529 2200 620 2258 sqq.
642 2200 940 2258 suppeditauit
961 2210 1167 2261 excerpta
1189 2203 1404 2258 quaedam

158 2282 212 2311 ex
244 2269 419 2311 inedito
455 2266 771 2327 olympiodori
806 2268 856 2310 'in
886 2269 1079 2311 Platonis
1122 2268 1407 2315 Phaedonem

158 2336 509 2393 commentario,
547 2350 658 2392 quae
684 2333 756 2378 ille
781 2350 833 2378 ex
858 2333 1078 2378 Plutarchi
1111 2334 1232 2378 libris
1254 2335 1329 2381 ΙΙΙ.
1352 2334 1405 2380 de

156 2403 304 2443 anima
341 2403 537 2448 desumta
583 2399 670 2446 effe
723 2402 909 2459 putauit.
979 2404 1217 2446 Enimuero
1254 2419 1405 2461 quam-

159 2477 290 2524 quam
313 2483 366 2512 ex
390 2467 575 2530 Orzgine
599 2479 754 2514 contra
780 2468 956 2515 Celsum
984 2468 1082 2514 libr.
1102 2472 1152 2512 V.
1175 2486 1274 2529 pag.
1305 2472 1362 2515 62
1378 2485 1397 2514 1

157 2535 213 2580 D.
234 2534 427 2595 constat,
456 2538 735 2583 Plutarchum
760 2532 1052 2595 conscripsisse
1071 2536 1207 2582 libros
1233 2538 1288 2582 de
1311 2542 1402 2582 ani-

221 2612 322 2652 Tom.
345 2611 397 2652 ΙΙ.
862 2606 897 2648 F
1335 2621 1405 2650 ma
