1686 3025
284 267 378 327 146
565 262 840 311 CLAVDJVS
865 235 1253 313 PTOLEMAEVS.

279 405 358 436 zer
378 393 433 438 A.
459 392 516 435 T.
535 390 570 435 I.
597 404 696 448 pag.
726 395 835 444 215.
861 395 1018 434 contra
1037 387 1148 431 Bure
1171 390 1216 433 in
1240 385 1450 448 Bibliogr.
1467 389 1532 433 in⁴

278 458 584 504 stru&ive.etc.
600 455 795 499 Histoire
805 462 916 500 tom.
928 457 961 502 I.
973 469 1039 502 nr.
1053 468 1112 514 41
1122 458 1283 515 92.vbi
1296 455 1454 501 multus
1470 455 1532 501 est

278 528 339 571 de
361 526 441 569 hac
464 525 687 574 editione,
717 538 815 583 pag.
836 534 901 582 40
923 537 1086 566 annum
1114 535 1233 580 1472.
1259 523 1409 567 censet
1443 519 1530 567 effe

279 591 614 637 adsumendum.
649 588 799 650 Hager
823 598 972 635 tamen
994 591 1041 632 in
1069 589 1324 649 Geograph.
1346 581 1533 633 Bticher·

277 658 361 704 saal
377 690 389 710 ‚
426 666 536 703 tom.
557 659 610 701 ΙΙ.
634 657 728 712 (vbi
747 673 770 700 a
789 671 889 717 pag.
915 665 1011 714 284
1032 655 1194 702 multus
1216 655 1277 700 est
1306 657 1361 700 de
1385 656 1536 701 Ptole-

279 727 394 771 maei
419 723 715 785 geographia,
745 739 845 783 pag.
872 737 980 783 307.
1004 739 1041 768 a.
1069 725 1193 781 1462
1218 724 1424 767 vindicias
1449 723 1534 767 sns-

280 794 420 850 cepit.
448 819 503 829 --
558 786 692 836 Anno
715 798 855 849 ,1482
891 791 1048 833 Romae
1083 805 1135 834 ex
1167 788 1341 835 officina
1370 788 1536 833 Nicolai

276 856 411 904 Halm
435 855 643 917 prodiiss'e
666 856 970 918 Geographiae
989 855 1238 903 versionem
1263 857 1457 912 latinam,
1486 864 1537 902 vt
1626 894 1632 897 .

279 928 472 972 Maittar.
498 934 545 971 et
563 929 675 970 Bure
698 941 796 986 pag.
817 940 898 984 42.
921 941 965 970 n.
1004 934 1135 983 4195
1172 927 1391 978 omittam,
1427 940 1536 969 con-

278 995 476 1042 tendunt
501 989 669 1037 Fabric.
695 1008 793 1053 pag.
813 1005 924 1051 413.
947 994 991 1035 Β.
1008 990 1084 1036 Gr.
1099 991 1188 1036 vol.
1210 994 1283 1037 III.
1308 1001 1355 1037 et
1382 991 1534 1034 Kranz

280 1063 332 1106 in
357 1062 598 1105 memorab.
623 1059 727 1107 bibl.
749 1058 1077 1104 Elisabethanae
1102 1074 1201 1119 pag.
1226 1072 1306 1118 74.
1340 1073 1535 1117 quorum

280 1127 420 1174 fidem
449 1128 650 1172 defendit
692 1122 970 1182 Audtffredus
1003 1125 1031 1170 l..
1063 1142 1098 1172 c.
1133 1142 1231 1185 pag.
1282 1139 1391 1184 252.
1441 1126 1533 1185 sqq.

282 1202 548 1255 oppugnant
580 1209 689 1239 vero
721 1190 943 1236 schelhorn
977 1193 1030 1235 ad
1058 1193 1231 1242 Quirini
1269 1191 1431 1237 librum
1476 1194 1532 1237 de

283 1264 561 1320 optimorum
584 1261 848 1317 scriptorum
870 1260 1270 1318 editionibus'pag.
1309 1272 1419 1318 237·
1440 1259 1537 1316 (vbi

284 1338 333 1374 et
352 1329 444 1387 sqq.
463 1329 632 1389 paginis
656 1328 713 1371 de
737 1325 915 1371 vetustis
930 1326 1188 1384 quibusdam
1199 1327 1431 1385 Cosmogr.
1447 1328 1539 1371 edi-

281 1397 480 1443 tionibus
500 1393 628 1438 fufius
670 1390 927 1449 disseritur)
953 1388 1109 1434 Raidel
1135 1391 1164 1439 l.
1191 1408 1226 1439 c.
1261 1408 1359 1453 pag.
1388 1394 1471 1452 46.
1499 1400 1537 1453 ς.

284 1476 330 1521 7.
362 1471 411 1507 et
444 1461 497 1506 cl.
527 1460 698 1503 Panzer
730 1459 787 1507 A.
827 1462 883 1504 T.
914 1462 966 1503 ΙΙ.
998 1475 1098 1519 pag.
1123 1448 1234 1517 2480.
1260 1462 1538 1514 arbitrantes,

283 1530 532 1575 editionem
563 1527 819 1574 Vlmensem
856 1526 1028 1574 Leonh.
1056 1526 1167 1572 Holl
1202 1542 1239 1572 a.
1282 1537 1397 1586 1482
1431 1527 1538 1573 falso

286 1594 374 1643 effe
397 1611 481 1654 pro
512 1597 708 1640 Romana
736 1595 1019 1639 venditatam.
1055 1617 1122 1627 —
1189 1596 1357 1639 Iterum
1391 1594 1538 1639 Vlmae

281 1678 420 1722 opera
445 1670 493 1707 et
515 1659 710 1718 expensis
736 1658 838 1716 Iusti
868 1656 917 1701 de
937 1655 1116 1713 Albano,
1150 1656 1199 1702 de
1222 1660 1430 1714 Venetiis,
1457 1673 1541 1724 per

275 1724 693 1795 prouzfiremsuum,
720 1724 944 1769 Iohannem
957 1727 1096 1786 Regcr
1110 1743 1145 1773 a.
1160 1727 1279 1771 dom.
1293 1730 1351 1772 M.
1368 1730 1398 1774 C
1406 1724 1539 1781 CCC.

282 1798 514 1844 LXXXVI.
560 1793 750 1851 (1486.)
785 1793 863 1838 fol.
895 1789 1103 1851 prodiisse
1138 1785 1182 1852 *J
1220 1793 1329 1837 Ptol.
1361 1811 1539 1840 cosmo-

286 1863 529 1926 graphiam,
553 1862 781 1906 subiundto
805 1859 976 1902 Nicolai
997 1860 1131 1903 Donis
1148 1857 1344 1904 trac‘latu
1367 1859 1417 1906 dc
1439 1862 1540 1907 locis·

285 1946 336 1975 ac
353 1924 623 1974 mirabilibus
645 1923 811 1986 mundi,
843 1935 890 1973 et
910 1928 1072 1972 eodem
1088 1943 1205 1971 anno
1240 1931 1384 1972 omnia
1413 1941 1540 1993 opera

285 1996 518 2043 Ptolemaei
562 2003 740 2062 praeter
783 1995 1099 2055 geographiam
1151 1996 1313 2040 eodem
1357 2013 1539 2056 quoque

287 2081 406 2110 anno
442 2062 588 2107 Vlmae
624 2058 747 2106 fuisse
780 2062 955 2112 excusa.
1006 2061 1224 2109 testantur
1249 2060 1410 2107 Raidcl
1443 2064 1473 2109 l.
1499 2081 1538 2110 c.

287 2133 387 2192 pag,
409 2137 490 2189 48.
516 2132 579 2188 sq.
603 2139 649 2175 et
668 2130 816 2190 Hager
839 2128 869 2173 l.
895 2145 952 2175 m.
976 2145 1018 2186 p.
1043 2143 1148 2187 325.
1172 2130 1235 2188 sq.
1271 2155 1318 2164 -—
1351 2129 1540 2185 Cosmo-

289 2216 359 2261 gr.
386 2198 487 2243 libri
507 2199 621 2243 Vffl.
643 2197 798 2240 Romae
822 2212 858 2241 a.
882 2197 1536 2257 M.GCCC.LXXXX.(1490)

288 2276 387 2309 arte
416 2279 465 2308 ac
489 2263 680 2326 impensis
709 2263 829 2306 Petri
864 2260 915 2306 de
958 2264 1107 2308 thrre.
1137 2262 1213 2308 fol.
1239 2280 1282 2309 v.
1307 2261 1470 2310 Raidel.
1497 2283 1540 2325 p.

289 2349 371 2391 49.
396 2328 637 2388 Audiffred.
663 2330 693 2377 l.
718 2347 756 2378 c.
782 2347 883 2391 pag.
910 2344 1018 2390 299.
1039 2330 1100 2388 sq.
1136 2338 1183 2375 et
1209 2346 1320 2388 quos
1351 2334 1457 2378 citat
1483 2333 1539 2380 cl.

289 2398 459 2444 Panzer
480 2399 534 2444 A.
557 2401 681 2447 T.11.
695 2414 796 2459 pag.
808 2412 926 2458 499.
948 2398 1013 2455 sq.
1042 2395 1111 2434 -’
1164 2399 1274 2443 Rara
1287 2398 1542 2446 etluculeffi

1485 2470 1542 2514 tis

344 2557 383 2605 ¹⁴)
413 2571 450 2596 v.
484 2558 597 2653 essam
632 2555 759 2599 thzii
795 2560 913 2599 Mem.
952 2555 1043 2600 bibl.
1096 2557 1234 2602 Dresd.
1266 2568 1359 2603 tom.
1395 2565 1425 2603 1.
1450 2552 1541 2616 pag.

400 2622 493 2660 312.
535 2627 573 2666 q.
846 2628 848 2630 ¹
1303 2625 1306 2629 ·
1462 2628 1466 2629 ⁷
