1753 3005
528 220 831 270 DIoNrSIVS
859 221 1217 270 PERIEGETES.
1491 240 1520 291 ς

242 350 347 396 hinc
380 350 487 395 inde
528 365 581 394 ex
604 346 759 394 Solino
795 349 1075 395 intertexuit.
1151 346 1337 393 Illorum
1373 349 1514 397 inter-

240 419 517 476 pretationes
542 418 681 461 modo
709 418 965 475 separatim',
999 416 1136 461 modo
1163 418 1308 461 textui
1334 415 1509 475 Diony-

239 484 287 529 sii
308 486 507 537 additae,
556 485 658 530 sunt
687 484 932 544 euulgatae.
1002 487 1071 529 De
1096 479 1321 540 Prisciani
1342 484 1508 528 versio-

184 608 193 615 ι
238 569 298 597 ne
322 555 539 612 huiusque
570 550 796 604 verfione,
853 553 989 597 etiam
1015 554 1071 596 de
1097 550 1290 610 Dionysio
1318 555 1505 610 eiusque

237 621 372 665 dubia
411 630 555 667 aetate
589 619 721 664 docte
755 617 932 675 lateque
973 617 1173 665 disseruit
1198 616 1446 677 Wernsdorf
1456 623 1505 666 in

235 698 359 746 poet.
398 685 474 732 lat.
513 688 674 731 minor.
705 694 819 731 tom.
852 687 902 731 V.
934 697 1046 744 part.
1092 702 1127 731 1.
1163 703 1259 748 pag.
1299 701 1391 746 225
1462 712 1505 723 —-

237 769 334 814 247
360 757 481 799 idem
499 755 605 798 ibid.
635 761 747 811 part.
770 752 825 800 ΙΙ.
848 768 933 813 pag
961 756 1058 811 656
1086 755 1145 812 sq.
1173 756 1429 815 679—706
1445 757 1505 801 de

233 819 427 875 Auia-no,
464 824 556 867 eius
581 823 800 874 carmine,
838 823 978 865 modo
992 820 1100 874 situs
1124 816 1238 864 orbis
1258 823 1331 867 vel
1365 820 1505 867 ambi-

230 899 305 932 tus
330 885 466 943 orbis,
497 890 661 946 modo,
697 897 745 934 et
767 890 814 932 in
838 890 1166 933 recentioribus
1196 891 1378 948 quidem
1405 890 1503 948 ple-

231 971 418 1015 rumque
451 956 599 1011 libris,
652 952 879 1019 dalfriptio
910 952 1024 999 orbis
1057 967 1226 1010 terrae,
1268 958 1501 1015 inscripto,

229 1033 365 1082 atque
389 1025 685 1070 editionibus:
712 1032 759 1068 et
795 1038 882 1083 ego
911 1025 964 1068 ad
1004 1025 1187 1069 Fabricii
1212 1027 1258 1071 B.
1283 1026 1360 1070 Gr.
1383 1024 1411 1071 l.
1435 1041 1498 1072 m.

228 1093 406 1138 vberius
425 1094 626 1138 recensui
645 1090 826 1137 illorum
850 1093 1086 1137 editiones·
1284 1084 1287 1088 ’

329 1228 495 1273 Graece
537 1229 731 1285 primum
773 1228 943 1285 prodiit
992 1234 1039 1272 et
1077 1225 1152 1273 lat.
1198 1242 1255 1272 ex
1288 1224 1494 1271 versione

225 1289 428 1337 Rhenanis·
460 1296 621 1337 Fannii
652 1293 944 1346 Palaemonis,
994 1311 1093 1339 curn
1116 1294 1494 1355 castigationibuS,

228 1359 374 1406 Coelii
406 1361 664 1421 Calcagnini
700 1363 993 1407 adnotatione
1036 1363 1167 1420 super
1195 1361 1408 1407 Anchiale
1441 1372 1490 1408 et

224 1427 488 1472 Rhemniani
512 1431 712 1472 carminis
738 1428 1049 1486 pensitatione.
1075 1432 1106 1472 F
1111 1431 1299 1474 errariae
1325 1444 1394 1486 ap.
1420 1428 1490 1475 Io.

224 1494 1028 1540 MaciochumBondenum.Ferrariae
1046 1509 1247 1553 1512.4.
1276 1516 1331 1525 -
1367 1498 1488 1541 Tum

224 1552 383 1622 graece
406 1577 506 1605 cum
531 1562 747 1618 Pindaro,
781 1561 1049 1606 Callimacho
1089 1572 1136 1607 et
1166 1562 1486 1619 Lycophrone,

222 1630 422 1686 Venetiis
454 1630 500 1672 in
528 1628 708 1672 aedibus
733 1626 834 1670 Aldi
863 1636 911 1671 et
933 1629 1139 1671 Andreae
1163 1629 1340 1672 Asulani
1362 1630 1486 1674 soce-

221 1697 274 1738 ri.
305 1707 443 1755 1513.
469 1703 508 1745 8.
527 1714 581 1722 -·-
602 1710 668 1755 gr.
681 1709 782 1738 cum
805 1693 1006 1738 versione
1039 1693 1115 1740 lat.
1142 1694 1296 1752 (quarn
1328 1697 1483 1742 editor

218 1762 440 1810 Rhemnio
451 1764 738 1823 grammatico
759 1763 998 1815 adtribuit,
1030 1771 1077 1807 et
1099 1764 1350 1817 contendit,
1374 1763 1482 1810 falso

217 1828 424 1876 hanstenus
436 1831 653 1874 Prisciano
669 1825 754 1874 effe
767 1830 817 1873 ad
826 1830 1065 1887 scriptam),
1088 1839 1135 1875 et
1147 1845 1246 1874 cum
1257 1834 1479 1888 excerptis

217 1897 360 1943 Coelii
423 1896 678 1958 Calcagnini
734 1896 1123 1942 adnotatiunculis,
1185 1897 1304 1944 ssafil.
1357 1899 1477 1956 apud

216 1962 311 2010 val.
343 1966 588 2011 Curionem
624 1978 762 2022 1522.
797 1970 842 2016 8.
885 1983 933 1993 -
982 1981 1084 2009 cum
1120 1966 1284 2020 Arato,
1334 1981 1400 2026 gr.
1425 1974 1474 2012 et

212 2031 291 2078 lat.
316 2048 416 2078 cum
448 2036 568 2078 notis
595 2033 804 2094 Ceporini.
832 2030 953 2080 Bafil.
989 2043 1127 2091 1523.
1158 2044 1296 2093 1534.
1328 2045 1472 2091 1547.

221 2102 363 2158 1561.
392 2108 530 2159 1585.
545 2100 761 2147 Coloniae
788 2112 929 2159 1543.
949 2103 1185 2157 Antwerp.
1209 2114 1350 2158 1554.
1374 2099 1469 2148 Cal.

221 2181 362 2227 1553.
391 2173 436 2220 8.
470 2189 529 2203 m
558 2185 626 2229 gr.
650 2183 750 2213 cum
773 2169 940 2227 graecis
961 2164 1172 2223 Eustathii
1194 2176 1472 2213 commenta-

212 2237 303 2281 tiis.
316 2251 370 2280 ex
392 2233 509 2283 offic.
535 2238 648 2281 Rob.
671 2235 901 2292 Stephani,
931 2237 1064 2296 regiis
1087 2236 1227 2293 typis,
1263 2237 1470 2280 Lutetiae

217 2315 351 2361 1547.
386 2317 432 2361 4.
467 2306 709 2348 Accuratae
751 2302 854 2347 huic
896 2312 944 2347 et
979 2318 1003 2346 e
1039 2302 1170 2349 codd.
1206 2303 1469 2348 emendatae

135 2399 155 2415 ι
213 2370 398 2416 editioni
421 2370 595 2417 additae
621 2364 723 2416 sunt
746 2372 887 2414 variae
924 2369 1146 2414 leffiones.
1178 2389 1234 2399 —
1269 2387 1336 2431 gr.
1363 2385 1466 2415 cum

210 2435 268 2483 V.
289 2439 335 2483 L.
355 2438 672 2491 adnotatione,
721 2446 769 2483 et
787 2436 941 2491 latine,
963 2437 1184 2482 Rhemnio
1204 2434 1373 2495 Fannio
1396 2439 1466 2482 in-

209 2505 425 2566 terprete.
461 2508 576 2555 Paris
600 2522 669 2569 ap.
684 2504 990 2621 Gu110AMorel.
1013 2519 1032 2552 1
1045 2504 1156 2566 556.
1181 2513 1230 2554 et
1247 2518 1263 2551 1
1278 2519 1302 2567 5
1313 2519 1464 2618 59ib13..

876 2588 901 2635 3
1428 2586 1463 2617 1'
