1686 3025
610 299 712 347 DIO
744 293 966 348 CASSIVS
1315 313 1339 348 2
1348 302 1377 348 6
1386 316 1406 349 1

126 486 128 490 .
154 429 452 475 describendis
475 428 690 479 comitiis,
725 427 1053 488 magistratuum
1088 422 1406 472 constitutione

154 498 336 556 aliisque
363 498 415 541 ad
439 499 503 540 ius
526 495 750 554 publicum
775 510 1006 541 romanum
1028 493 1312 552 spectantibus
1338 499 1404 539 fu·

153 567 191 612 it
209 567 451 610 adcuratus.
520 564 769 623 Polybium,
803 574 850 609 et
869 567 912 608 in
925 563 1176 615 sententiis,
1191 563 1404 606 narratio—

152 635 281 677 nibus
305 644 351 678 et
387 634 676 677 concionibus
694 631 1004 688 Thucydidem
1035 629 1197 675 studuit
1229 631 1405 685 imitari,

151 703 303 759 Atque
331 699 662 757 Tillenion'tiUS‚
696 701 811 757 apud
840 701 1097 754 Fabricium,
1130 712 1234 741 eum
1257 699 1406 741 Hero-

151 769 286 813 diano
310 776 445 827 atque
469 771 666 813 Zonarae
692 770 900 826 praefert.
966 769 1025 812 At
1056 764 1214 817 multa,
1249 766 1407 822 partim

148 851 273 891 vere,
309 837 467 893 partim
489 835 698 893 speciose,
732 836 778 878 in
803 850 859 879 eo
884 834 1288 892 reprehenduntur,
1329 834 1405 876 Di-

150 904 283 947 cendi
309 905 427 946 enim
450 918 605 962 geum,
639 904 763 947 aiunt
791 902 1011 954 censoreS,
1029 917 1118 958 quo
1141 901 1407 951 vtitur,ora-

149 972 239 1014 tori
281 971 430 1027 potius
476 985 607 1027 quam
639 968 848 1012 historico
884 978 1037 1026 aptum
1067 967 1128 1012 est
1166 975 1300 1024 atque
1331 967 1408 1010 ad·
1483 988 1486 991 ·

151 1038 501 1081 commodatum.
569 1035 656 1081 Alii
676 1044 854 1094 tamen,
888 1037 1003 1081 etin
1037 1035 1188 1093 primis
1209 1033 1409 1088 Photius,

149 1106 243 1161 eius
268 1104 508 1150 dic‘iionem
533 1119 803 1162 omnemque
838 1105 1091 1161 orationem
1111 1099 1294 1147 mirifice
1315 1100 1408 1145 lau-

136 1173 269 1218 dant.
339 1174 535 1218 Pax-tium
571 1171 654 1217 illis
691 1173 868 1217 videtur
892 1171 1131 1229 studiosu5‚
1165 1170 1268 1214 hinc
1294 1184 1408 1228 quo-

149 1241 353 1285 tumdam
372 1241 694 1297 imperatorum
716 1240 917 1284 sordidus
938 1238 1157 1296 adulator,
1194 1251 1405 1295 quotum-

151 1308 252 1351 dam
282 1309 465 1351 nimium
497 1309 799 1365 vituperator3
854 1309 1026 1366 iniquus
1058 1308 1106 1350 in
1139 1306 1406 1350 Ciceronem

148 1373 348 1432 aliosque
373 1377 490 1418 viros
517 1378 751 1435 egregios3
791 1375 930 1419 homo
962 1371 1309 1432 superstitiosus,
1336 1373 1405 1416 ni-

149 1443 265 1486 mius
299 1444 347 1485 in
383 1443 598 1502 prodigiis
642 1451 690 1487 et
728 1444 944 1487 vaticiniis
991 1440 1406 1494 commemorandis,

148 1507 391 1566 multisque
443 1511 575 1553 rebus
627 1508 815 1554 leuioris
866 1512 1088 1554 momenti
1140 1508 1406 1554 enarrandis,

147 1577 377 1628 Quaedam
395 1575 644 1633 Xiphilinus
668 1578 710 1620 ei
732 1578 818 1620 iam
843 1578 1036 1633 obiecit3
1071 1591 1207 1620 nemo
1237 1583 1406 1628 tamen,

150 1652 366 1702 quantum
389 1643 600 1699 equidem
620 1643 725 1693 scio,
759 1652 833 1687 tot
854 1655 994 1700 paene
1019 1644 1408 1700 conuiciisoppro-

146 1711 343 1767 briisque
381 1711 578 1754 Dionem
622 1709 894 1753 consec'tatus
936 1709 1022 1763 est,
1070 1720 1185 1768 quot
1219 1710 1407 1761 (Seliira-

148 1776 292 1831 chius)
327 1777 375 1820 in
403 1775 689 1819 historischen
730 1774 949 1820 Zweifeln
979 1777 1071 1820 und
1102 1776 1408 1821 Beobachtun-

147 1860 254 1906 gen,
285 1846 399 1889 Part.
422 1845 453 1889 Ι.
474 1837 613 1887 Halae
641 1842 775 1896 1768.
803 1851 842 1892 8.
872 1845 924 1886 ab
961 1843 1142 1901 epistola
1166 1852 1317 1901 quarta
1339 1860 1409 1887 vs-

146 1927 236 1970 que
260 1912 313 1955 ad
341 1911 626 1955 vndecimam
654 1909 805 1954 nostro
840 1908 1032 1971 ingeffit,
1079 1913 1275 1955 Dionem
1308 1927 1408 1955 cum

148 1979 242 2023 aliis
267 1979 584 2035 comparando.
653 1975 796 2023 Multa
818 1979 1051 2039 ingeniose
1071 1980 1276 2038 beneque
1303 1994 1410 2036 pro-

145 2049 240 2106 bat,
270 2047 519 2103 Dionisque
542 2043 677 2091 fidem
699 2045 825 2105 saepe
847 2047 1072 2091 imminuit
1100 2056 1149 2092 et
1167 2045 1293 2091 valde
1320 2062 1410 2090 am-

146 2116 328 2175 biguam
359 2113 509 2159 reddit
542 2114 870 2171 adsediamque,
923 2122 1059 2172 atque
1101 2115 1408 2158 Herodianum

144 2180 286 2241 longe
312 2183 558 2238 anteponit.
625 2181 851 2238 Quidquid
874 2181 958 2236 est,
994 2178 1154 2226 Caffius
1187 2183 1241 2226 ad
1275 2179 1411 2225 intel·

144 2247 382 2308 ligentiam
414 2249 714 2306 antiquitatis,
747 2247 1013 2305 reipublicae
1045 2257 1093 2295 et
1127 2248 1304 2306 imperii
1333 2263 1410 2291 ro-

151 2318 268 2360 mani
292 2314 418 2361 valde
438 2315 556 2360 vtilis
582 2325 629 2361 et
656 2315 900 2359 frudiuosus
939 2318 1038 2363 erit.
1109 2318 1194 2362 Sed
1231 2317 1286 2360 de
1318 2318 1406 2358 vir-

151 2384 336 2437 tutibus,
366 2385 606 2441 naeuisque
631 2381 835 2427 historiae
862 2382 1032 2442 stilique
1046 2385 1204 2428 Dionis
1219 2383 1407 2428 candide

151 2448 460 2509 intelligenter
486 2460 533 2496 et
565 2450 698 2509 plene
735 2451 959 2509 disputat,
990 2453 1185 2496 Dionem
1217 2453 1263 2495 in
1292 2465 1409 2494 non-

155 2514 286 2563 nullis
305 2517 508 2566 defendit
534 2527 668 2578 atque
692 2518 905 2580 excusat,
952 2517 1228 2582 aliorumque
1259 2519 1315 2563 de
1350 2531 1409 2561 eo

747 2586 784 2631 R
826 2599 848 2646 3
1291 2585 1408 2630 iudi-
