1727 3005
302 243 371 307 64
771 241 975 287 EPJCTE
983 240 1099 289 Πᾶς.

296 369 558 426 christiano,
624 367 744 425 quod
779 368 819 411 S.
849 364 974 410 Nilus
1011 364 1165 411 Asceta
1200 367 1566 422 continuauerat,

297 440 493 496 denique
515 436 669 480 codice
698 449 722 477 e
751 431 1019 478 bibliotheca
1046 433 1282 495 Dresdensi
1321 434 1560 488 elestorali,

300 507 418 550 vnde
445 517 625 560 quoque
649 499 809 545 scholia
828 503 873 544 in
897 499 1185 545 Enchiridion
1219 500 1443 559 hucusque
1467 503 1562 546 ine-

302 574 394 618 dita
420 567 646 626 descripsit
668 578 717 613 et
739 566 952 628 vulgauit.
1021 570 1072 612 In
1110 566 1571 613 animaduerfionibus·

303 649 351 685 et
372 639 506 683 verba
527 647 574 681 et
594 652 663 680 res
685 636 1013 694 sententiasque
1034 634 1172 680 Stoici
1208 637 1390 696 egregie
1426 635 1564 694 expli-

300 708 386 752 cui.
475 702 600 748 Prior
645 704 784 749 editio
816 703 985 760 prodiit
1004 704 1201 748 Dresdae
1221 710 1268 749 et
1300 703 1564 758 &Varshuiaffi

308 772 449 830 1756.
481 770 726 829 posterior,
762 794 775 807 a
793 769 935 815 multo
974 772 1257 816 emendatior
1299 778 1347 816 et
1378 770 1565 827 auctior,

299 841 471 887 ibidem
500 838 638 895 1776.
666 844 709 890 8.
743 830 1023 896 Heynianam
1042 840 1238 894 priorem
1257 836 1565 883 recensionem

301 906 596 965 repetendam
616 904 736 965 typis
771 906 941 950 curauit
962 907 1170 963 notisque
1198 907 1370 950 idoneis
1383 904 1567 950 iilustra-

301 977 374 1019 uit
413 972 610 1016 Nicolaus
645 966 860 1018 Schivebel.
933 974 1214 1033 Noribergae
1255 987 1395 1030 1771.
1420 978 1567 1025 8.’,-

302 1033 524 1095 ἐπικτήτε
546 1032 820 1104 ἐγχειςιὸιον,
856 1050 1038 1085 curante
1062 1039 1096 1084 I.
1117 1040 1166 1086 Β.
1191 1035 1390 1098 quebure
1414 1037 1464 1086 dc
1477 1036 1568 1083 Vil-

303 1103 501 1161 lerbune,
560 1109 677 1151 Paris
716 1113 854 1165 1782.
899 1119 971 1152 12.
1020 1108 1179 1154 Editor
1214 1106 1312 1152 vsus'
1351 1106 1410 1153 est
1433 1107 1568 1157 codd.

305 1176 511 1221 nondum
533 1171 701 1220 collatis
724 1184 772 1220 et
793 1175 920 1219 variis
940 1173 1206 1219 lestionibus
1247 1176 1436 1221 editioni
1473 1177 1567 1219 Ha-

305 1242 485 1289 loandri
504 1242 746 1299 adscriptis,
781 1251 828 1287 et
848 1242 956 1296 aliis,
991 1258 1095 1300 quas
1118 1244 1360 1287 Germanus
1374 1243 1567 1300 quidam,

307 1311 493 1369 Berger,
521 1323 547 1353 e
570 1309 743 1352 duobus
759 1310 888 1353 codd.
911 1309 1065 1355 italicis
1080 1316 1371 1361 enotauerat‚
1425 1310 1568 1354 tribus

302 1375 400 1425 Nili
424 1376 657 1419 enchiridii
687 1377 822 1420 codd.
863 1384 910 1420 et
939 1378 990 1419 11.
1018 1376 1149 1419 codd.
1179 1376 1568 1433 interpretationis

303 1457 328 1487 a
356 1441 576 1487 Politiano
603 1442 752 1487 fadiae.
788 1442 848 1486 At
871 1443 1294 1499 interpretationem
1315 1441 1389 1488 lat.
1413 1457 1570 1501 parum

303 1511 506 1555 curauit:
538 1508 950 1566 interpunctionem
971 1510 1017 1552 in
1044 1526 1111 1568 gr.
1141 1518 1265 1555 textu
1303 1510 1457 1567 saepe,
1504 1512 1571 1555 in·

304 1578 493 1623 terdum
513 1585 696 1633 praeter>
717 1572 1044 1628 necessitatem,
1077 1578 1296 1634 mutauit,
1342 1584 1390 1621 et
1414 1576 1570 1622 lee‘tio-

306 1659 386 1689 nes
413 1646 467 1687 ab
491 1645 704 1702 Heyni0‚
740 1644 858 1686 cuius
880 1652 1031 1686 tamen
1055 1643 1305 1688 editionem
1326 1645 1570 1710 ignorauit,

306 1710 514 1764 reiectas,
561 1713 822 1767 frequenter
851 1711 1049 1754 retinuit.
1127 1709 1252 1754 Plura
1277 1726 1386 1755 vero
1407 1711 1571 1757 iactita-

304 1778 404 1831 uit,
439 1792 570 1836 quarn
596 1776 810 1835 praestitit
823 1793 862 1822 v.
886 1775 1059 1834 ephem.
1074 1776 1213 1822 litter.
1235 1779 1349 1836 Lips.
1370 1793 1408 1822 a.
1444 1785 1569 1834 1780

309 1845 428 1905 plag.
450 1856 532 1903 40.
560 1860 660 1905 pag.
694 1844 806 1903 633».
830 1844 921 1901 sqq.
964 1867 1030 1879 —-
1075 1838 1192 1886 Cebes
1231 1844 1442 1890 Gemalde
1476 1846 1570 1892 und

310 1909 494 1974 Epiaetf
517 1910 797 1965 Handbuch,
832 1911 1076 1969 griechisch
1108 1915 1175 1955 fiir
1210 1915 1439 1974 Anfanger
1469 1913 1570 1958 her·

308 1981 595 2040 ausgegeben
618 1995 710 2023 von
742 1978 776 2023 I.
799 1978 936 2022 chr.
970 1974 1121 2022 Jacobs.
1188 1982 1272 2025 Mit
1305 1983 1426 2025 einer
1457 1983 1572 2026 Vor-

311 2048 420 2093 rede
445 2049 506 2093 H.
526 2049 582 2093 D.
607 2045 814 2092 Semlers.
866 2048 1103 2105 Hamburg.
1134 2053 1266 2104 1784.
1293 2054 1331 2100 8.

414 2115 607 2173 Epicteti
629 2113 917 2158 Enchiridion
937 2115 983 2157 in
1011 2112 1109 2157 alias
1130 2113 1300 2175 linguas
1324 2116 1450 2174 saepe
1464 2130 1571 2160 con·

309 2181 492 2228 uersum
515 2179 629 2235 esse,
665 2183 818 2225 notaui
841 2183 895 2226 ad
921 2183 1100 2225 Fabricii
1130 2184 1177 2226 Β.
1203 2184 1279 2228 Gr.
1309 2185 1388 2228 Hic
1414 2199 1569 2240 paucas

312 2251 574 2296 memorabo
620 2248 857 2293 verfiones.
923 2252 1174 2306 Antequam
1206 2265 1387 2308 graecus
1421 2258 1570 2295 textus

313 2317 516 2364 formulis
558 2315 893 2377 typographicis
927 2317 1170 2374 descriptus
1197 2327 1316 2370 erat,
1359 2314 1572 2360 Politiani

313 2383 458 2428 versio
495 2383 629 2430 latina
662 2384 805 2427 lucem
840 2384 950 2427 vidit
981 2380 1081 2427 cuin
1117 2384 1364 2427 Censorino
1401 2393 1447 2430 et
1477 2384 1570 2428 aliis

315 2452 545 2497 Bononiae
584 2463 724 2509 1497.
759 2449 839 2495 sol.
921 2452 1142 2507 Deinceps
1185 2450 1392 2495 Politiani
1427 2450 1569 2496 versio

313 2517 397 2582 vel·
415 2517 618 2577 seorsim,
650 2516 722 2563 vel
746 2517 889 2563 textui
912 2531 1074 2577 graeco
1100 2518 1251 2565 addita
1262 2518 1430 2578 saepius
1441 2534 1570 2577 repe-

1489 2588 1573 2633 tita
