1640 3030
549 284 995 334 TRrPHIODORVS.
1084 275 1087 277 ’
1294 301 1356 350 41
1369 301 1412 336 1.

237 426 281 460 2.
316 413 505 459 Carmen
542 413 633 456 eius
655 406 760 459 Ἰλιέ
791 404 984 466 ἅλωσις,
1030 408 1118 456 siue
1142 406 1204 468 *dc
1241 409 1397 456 Troiae

1 463 6 573 Ι
145 479 366 537 mersione,
422 479 622 526 Colutho
660 481 827 537 saepius
859 479 1110 524 adiunctum
1149 489 1414 537 comparet.‘

144 547 388 606 Separatirn
422 543 587 593 editum
619 546 679 591 est
709 562 893 607 graece,
934 563 958 591 a
988 542 1182 590 Federico
1217 546 1394 590 Iamotio

143 614 336 660 versibus
361 615 507 660 latinis
522 614 748 660 redditum
772 623 819 660 et
840 617 1200 663 annotationibus
1224 615 1400 673 quibus-

148 684 249 727 dam
282 682 566 740 illustratum,
620 680 822 728 Lutetiae
856 683 970 740 apud
1005 682 1137 726 Mich.
1168 682 1398 730 Vascosan.

156 762 296 808 1557.
322 756 362 802 8.
388 782 438 791 .-
475 765 656 811 graece,
698 764 799 794 curn
821 750 914 794 Nic.
944 746 1180 808 Frischlim'
1197 749 1398 795 versione

147 819 347 874 metrica,
381 834 481 863 cum
501 819 621 863 notis
646 818 895 871 variorum,
931 833 983 862 ex
1005 817 1208 862 editione
1229 825 1278 863 et
1299 833 1399 863 cum

0 889 1 940 l
150 886 272 929 notis
307 885 361 929 Io.
393 885 582 928 Μεννίκ.
603 880 763 930 'Oxom
804 898 942 942 174¹·
976 890 1018 935 8.
1086 908 1153 917 —-
1184 884 1286 930 The
1312 885 1401 930 De-

0 943 1 950 *
149 950 361 995 strufflon
382 955 434 995 of
456 955 608 1010 Troy,
646 952 780 1010 being
806 951 883 995 the
918 950 1068 1008 sequel
1093 955 1145 995 of
1161 951 1239 997 the
1275 951 1400 1000 Iliad.

149 1017 263 1064 with
294 1020 465 1072 Note5‚
507 1020 565 1077 by
594 1017 651 1059 Io,
683 1016 869 1060 Merrttz.
906 1018 1052 1063 oxon.
1093 1029 1227 1078 1739.
1268 1027 1309 1070 8.
1342 1045 1404 1057 —-

150 1101 252 1130 cura
287 1081 520 1128 Bandinii:
552 1083 749 1129 Florent.
787 1084 878 1142 176
887 1097 926 1142 ς.
965 1090 1009 1136 8.
1038 1086 1095 1128 de
1120 1100 1205 1143 qua
1228 1087 1337 1132 edit.
1361 1104 1403 1132 v.

150 1151 320 1196 Klotziz·
334 1152 424 1196 acta
441 1152 583 1197 litter.
597 1151 688 1195 vol.
702 1153 898 1208 IV.part.
911 1153 984 1196 IV.
1006 1166 1213 1211 pag.455
1230 1154 1323 1212 sqq.
1352 1179 1407 1190 -

150 1212 450 1283 Τξυφιοὸὥςου
472 1213 579 1267 Ἰλῖε
598 1210 764 1265 §mem
796 1219 853 1262 de
886 1218 1080 1276 plurimis
1111 1221 1283 1266 mendis
1310 1238 1412 1280 pur·

153 1297 253 1347 gata
283 1295 331 1331 et
362 1289 481 1332 notis
525 1284 730 1330 illustrata
761 1301 785 1330 a
820 1281 979 1328 Thoma
1020 1283 1298 1342 Northmore,
1352 1288 1409 1335 A.

154 1359 202 1401 Β.
228 1355 442 1407 Londini‚
464 1354 745 1413 Cambridg‘
771 1360 819 1398 et
854 1353 1006 1398 Oxon.
1045 1357 1189 1410 17910'
1219 1356 1337 1405 med⁶
1361 1363 1408 1409 8.

157 1437 268 1480 quae
322 1422 462 1466 editio
495 1421 694 1466 laudatur
719 1422 766 1465 in
799 1421 1006 1481 Gotting.
1053 1421 1233 1479 ephem.
1265 1422 1410 1474 litter.

157 1506 195 1534 a.
213 1502 355 1548 1794.
380 1505 457 1533 no·
474 1503 553 1547 77.
570 1500 670 1548 pag.
686 1487 801 1546 776.

261 1571 302 1617 3.
323 1553 517 1600 Fabricii
537 1559 585 1601 B.
605 1558 684 1602 Gr.
711 1554 813 1600 Vol.
833 1554 870 1599 Ι.
892 1557 1011 1600 Libr.
1030 1558 1084 1601 ΙΙ.
1108 1572 1201 1616 cap.
1222 1571 1268 1616 7.
1290 1561 1332 1613 ᾗ.
1365 1567 1411 1610 8.

159 1641 204 1685 P·
229 1637 287 1684 55
298 1630 341 1676 8.
374 1618 661 1688 Hambergeri
678 1626 730 1673 Z.
752 1622 808 1667 Ν.
826 1620 929 1670 Vol.
955 1624 1029 1669 111.
1051 1639 1150 1687 pag.
1177 1638 1291 1686 305.
1312 1636 1409 1675 not.

695 1764 738 1815 §0'
809 1769 872 1818 57

258 1865 296 1912 C
314 1864 585 1912 OINTVS
612 1861 700 1934 ίῖιιῗ
725 1865 1062 1919 QVINTVS,
1099 1862 1215 1920 flue,
1247 1871 1298 1912 vt
1318 1867 1419 1912 Reia

161 1931 323 1992 nesius,
361 1934 408 1976 in
427 1933 590 1978 iudicio
613 1933 670 1977 de
694 1931 1001 1978 chemicorum
1025 1933 1179 1978 codice
1202 1933 1414 1980 Gothano

163 2017 263 2061 pag.
278 2002 394 2059 750.
423 2002 470 2044 in
490 1995 684 2043 Fabricii
728 2003 774 2047 B.
810 2002 882 2048 Gr.
904 1999 1012 2047 Vol.
1045 2002 1143 2048 XII.
1167 2017 1268 2062 pag.
1300 2015 1415 2062 750.

162 2069 443 2113 scribendum
481 2064 569 2112 effe
598 2067 862 2123 contendit,
905 2065 1146 2115 Corinthus.

275 2187 313 2218 1.
362 2169 547 2219 Coluthi
592 2170 820 2229 aequalem
863 2176 911 2214 et
953 2172 1241 2230 Smyrnaeum
1291 2170 1417 2219 fuisse

166 2239 323 2297 illum,
368 2238 574 2283 nonnulli
609 2239 876 2296 suspicantur
912 2240 1086 2294 potius,
1155 2256 1285 2298 quam
1321 2257 1416 2287 cer·

165 2305 331 2352 tiffimis
365 2307 559 2365 probant
591 2307 876 2366 argumentis,
949 2304 1011 2349 Cl.
1040 2303 1261 2363 Jjschfi’n,
1295 2306 1415 2354 Prof.

169 2376 452 2435 Gottingens.
508 2376 555 2418 in
599 2379 842 2419 comment.‘
889 2371 946 2416 de
990 2374 1144 2423 Quinti
1187 2376 1416 2432 Smyrnaei

170 2441 506 2500 paralipomenis
546 2443 761 2494 Homeri,
793 2455 879 2498 qua
905 2454 1069 2484 nouam
1092 2444 1291 2487 carminis
1324 2445 1419 2488 edi-

171 2510 346 2553 tionem
367 2510 524 2555 indicit
542 2518 630 2555 etc.
670 2509 914 2568 Gottingae
945 2514 1082 2567 1783·
1110 2515 1149 2558 8.
1183 2513 1417 2571 regionem

172 2576 532 2637 Smyrnaeensem
563 2573 698 2642 ⁸fuisse
740 2576 896 2630 Quinti
941 2578 1127 2634 patriam
1167 2576 1298 2637 (coll.
1340 2577 1418 2635 lib.
