<?xml version="1.0" encoding="UTF-8"?>
<!DOCTYPE html PUBLIC "-//W3C//DTD XHTML 1.0 Transitional//EN"
    "http://www.w3.org/TR/xhtml1/DTD/xhtml1-transitional.dtd">
<html xmlns="http://www.w3.org/1999/xhtml" xml:lang="en" lang="en">
 <head>
  <title>
</title>
<meta http-equiv="Content-Type" content="text/html;charset=utf-8" />
  <meta name='ocr-system' content='tesseract 3.04.00' />
  <meta name='ocr-capabilities' content='ocr_page ocr_carea ocr_par ocr_line ocrx_word'/>
</head>
<body>
  <div class='ocr_page' id='page_1' title='image "./p1theophilichristo02harluoft_0254.png"; bbox 0 0 1686 3025; ppageno 0'>
   <div class='ocr_carea' id='block_1_1' title="bbox 233 200 1165 304">
    <p class='ocr_par' dir='ltr' id='par_1_1' title="bbox 233 200 1165 304">
     <span class='ocr_line' id='line_1_1' title="bbox 233 200 1165 304; baseline 0.014 -26"><span class='ocrx_word' id='word_1_1' title='bbox 233 254 333 304; x_wconf 75' lang='lat'><strong>242</strong></span> <span class='ocrx_word' id='word_1_2' title='bbox 434 205 452 208; x_wconf 65' lang='grc'><strong>’</strong></span> <span class='ocrx_word' id='word_1_3' title='bbox 562 240 843 288; x_wconf 80' lang='lat' dir='ltr'><em>DIOGENES</em></span> <span class='ocrx_word' id='word_1_4' title='bbox 871 237 1016 288; x_wconf 74' lang='lat' dir='ltr'><em>LAER</em></span> <span class='ocrx_word' id='word_1_5' title='bbox 1024 200 1165 291; x_wconf 62' lang='lat' dir='ltr'><strong><em>TJVS.</em></strong></span> 
     </span>
    </p>
   </div>
   <div class='ocr_carea' id='block_1_2' title="bbox 230 358 1499 763">
    <p class='ocr_par' dir='ltr' id='par_1_2' title="bbox 230 358 1499 763">
     <span class='ocr_line' id='line_1_2' title="bbox 235 358 1495 428; baseline -0.001 -16"><span class='ocrx_word' id='word_1_6' title='bbox 235 368 353 428; x_wconf 63' lang='lat' dir='ltr'><strong>typis</strong></span> <span class='ocrx_word' id='word_1_7' title='bbox 374 366 615 424; x_wconf 78' lang='lat' dir='ltr'>exscriptae</span> <span class='ocrx_word' id='word_1_8' title='bbox 636 358 834 417; x_wconf 75' lang='lat' dir='ltr'><strong>fueriint,</strong></span> <span class='ocrx_word' id='word_1_9' title='bbox 850 370 914 418; x_wconf 77' lang='lat' dir='ltr'><strong>vt,</strong></span> <span class='ocrx_word' id='word_1_10' title='bbox 929 363 1173 412; x_wconf 83' lang='lat' dir='ltr'><strong>Aristotelis</strong></span> <span class='ocrx_word' id='word_1_11' title='bbox 1195 371 1328 424; x_wconf 83' lang='lat' dir='ltr'><strong>atque</strong></span> <span class='ocrx_word' id='word_1_12' title='bbox 1339 364 1495 412; x_wconf 55' lang='lat' dir='ltr'><strong>Theo*-</strong></span> 
     </span>
     <span class='ocr_line' id='line_1_3' title="bbox 235 431 1495 495; baseline 0 -15"><span class='ocrx_word' id='word_1_13' title='bbox 235 435 400 495; x_wconf 78' lang='lat' dir='ltr'><strong>phrasti</strong></span> <span class='ocrx_word' id='word_1_14' title='bbox 423 437 527 486; x_wconf 84' lang='lat' dir='ltr'><strong>vita,</strong></span> <span class='ocrx_word' id='word_1_15' title='bbox 554 434 601 476; x_wconf 91' lang='lat' dir='ltr'><strong>in</strong></span> <span class='ocrx_word' id='word_1_16' title='bbox 625 433 736 478; x_wconf 87' lang='lat' dir='ltr'><strong>edit.</strong></span> <span class='ocrx_word' id='word_1_17' title='bbox 762 431 1010 478; x_wconf 84' lang='lat' dir='ltr'><strong>Aristotelis</strong></span> <span class='ocrx_word' id='word_1_18' title='bbox 1032 432 1218 486; x_wconf 83' lang='lat' dir='ltr'>Aldina,</span> <span class='ocrx_word' id='word_1_19' title='bbox 1254 448 1341 493; x_wconf 83' lang='lat'><strong>149</strong></span> <span class='ocrx_word' id='word_1_20' title='bbox 1352 448 1393 491; x_wconf 85' lang='lat'><strong>5.</strong></span> <span class='ocrx_word' id='word_1_21' title='bbox 1418 433 1495 481; x_wconf 89' lang='lat' dir='ltr'><strong>fol.</strong></span> 
     </span>
     <span class='ocr_line' id='line_1_4' title="bbox 234 498 1496 559; baseline -0.002 -12"><span class='ocrx_word' id='word_1_22' title='bbox 234 510 284 552; x_wconf 71' lang='lat' dir='ltr'><strong>et</strong></span> <span class='ocrx_word' id='word_1_23' title='bbox 306 517 406 547; x_wconf 90' lang='lat' dir='ltr'><strong>cum</strong></span> <span class='ocrx_word' id='word_1_24' title='bbox 438 498 766 557; x_wconf 85' lang='lat' dir='ltr'><strong>Theophrasto,</strong></span> <span class='ocrx_word' id='word_1_25' title='bbox 785 500 953 545; x_wconf 64' lang='lat' dir='ltr'><strong>ibidem.</strong></span> <span class='ocrx_word' id='word_1_26' title='bbox 989 513 1135 559; x_wconf 65' lang='lat'>1497.</span> <span class='ocrx_word' id='word_1_27' title='bbox 1163 502 1274 556; x_wconf 79' lang='lat' dir='ltr'><strong>item</strong></span> <span class='ocrx_word' id='word_1_28' title='bbox 1300 500 1496 546; x_wconf 81' lang='lat' dir='ltr'>Platonis</span> 
     </span>
     <span class='ocr_line' id='line_1_5' title="bbox 234 566 1493 625; baseline -0.002 -10"><span class='ocrx_word' id='word_1_29' title='bbox 234 586 286 615; x_wconf 79' lang='lat' dir='ltr'><strong>ac</strong></span> <span class='ocrx_word' id='word_1_30' title='bbox 322 567 635 624; x_wconf 80' lang='lat' dir='ltr'><strong>Xenophontis</strong></span> <span class='ocrx_word' id='word_1_31' title='bbox 671 568 762 613; x_wconf 82' lang='lat' dir='ltr'><strong>vita</strong></span> <span class='ocrx_word' id='word_1_32' title='bbox 793 566 955 612; x_wconf 80' lang='lat' dir='ltr'><strong>horum</strong></span> <span class='ocrx_word' id='word_1_33' title='bbox 1000 583 1191 625; x_wconf 84' lang='lat' dir='ltr'><strong>operum</strong></span> <span class='ocrx_word' id='word_1_34' title='bbox 1222 569 1493 612; x_wconf 77' lang='lat' dir='ltr'>editionibus</span> 
     </span>
     <span class='ocr_line' id='line_1_6' title="bbox 230 634 1499 697; baseline -0.002 -16"><span class='ocrx_word' id='word_1_35' title='bbox 230 634 418 697; x_wconf 83' lang='lat' dir='ltr'><strong>praefigi</strong></span> <span class='ocrx_word' id='word_1_36' title='bbox 443 635 622 679; x_wconf 78' lang='lat' dir='ltr'><strong>solebat.</strong></span> <span class='ocrx_word' id='word_1_37' title='bbox 657 654 724 668; x_wconf 81' lang='lat'><em>-·—·</em></span> <span class='ocrx_word' id='word_1_38' title='bbox 754 664 757 666; x_wconf 95' lang='lat'>-</span> <span class='ocrx_word' id='word_1_39' title='bbox 789 637 972 694; x_wconf 81' lang='lat' dir='ltr'><strong>Integer</strong></span> <span class='ocrx_word' id='word_1_40' title='bbox 996 634 1423 695; x_wconf 73' lang='lat' dir='ltr'><strong>demnm&#39;Diogenis</strong></span> <span class='ocrx_word' id='word_1_41' title='bbox 1443 649 1499 679; x_wconf 84' lang='lat' dir='ltr'><strong>ex</strong></span> 
     </span>
     <span class='ocr_line' id='line_1_7' title="bbox 233 701 1498 763; baseline -0.006 -13"><span class='ocrx_word' id='word_1_42' title='bbox 233 705 392 750; x_wconf 82' lang='lat' dir='ltr'><strong>codice</strong></span> <span class='ocrx_word' id='word_1_43' title='bbox 422 701 632 763; x_wconf 82' lang='lat' dir='ltr'><strong>Aurigalli</strong></span> <span class='ocrx_word' id='word_1_44' title='bbox 662 702 832 760; x_wconf 82' lang='lat' dir='ltr'><strong>prodiit</strong></span> <span class='ocrx_word' id='word_1_45' title='bbox 864 717 1048 761; x_wconf 82' lang='lat' dir='ltr'><strong>graece:</strong></span> <span class='ocrx_word' id='word_1_46' title='bbox 1080 701 1368 762; x_wconf 56' lang='lat' dir='ltr'><strong>Aso‘ye‘vgsi—</strong></span> <span class='ocrx_word' id='word_1_47' title='bbox 1393 701 1498 744; x_wconf 78' lang='lat' dir='ltr'><strong>Dio-</strong></span> 
     </span>
    </p>
   </div>
   <div class='ocr_carea' id='block_1_3' title="bbox 227 764 1576 833">
    <p class='ocr_par' dir='ltr' id='par_1_3' title="bbox 227 764 1576 833">
     <span class='ocr_line' id='line_1_8' title="bbox 227 764 1576 833; baseline -0.003 -19"><span class='ocrx_word' id='word_1_48' title='bbox 227 772 356 833; x_wconf 75' lang='lat' dir='ltr'><strong>genis</strong></span> <span class='ocrx_word' id='word_1_49' title='bbox 383 769 550 812; x_wconf 69' lang='lat' dir='ltr'><strong>Laertii</strong></span> <span class='ocrx_word' id='word_1_50' title='bbox 573 766 622 812; x_wconf 78' lang='lat' dir='ltr'><strong>de</strong></span> <span class='ocrx_word' id='word_1_51' title='bbox 643 772 770 823; x_wconf 81' lang='lat' dir='ltr'><strong>vitis,</strong></span> <span class='ocrx_word' id='word_1_52' title='bbox 794 765 971 813; x_wconf 79' lang='lat' dir='ltr'><strong>decretis</strong></span> <span class='ocrx_word' id='word_1_53' title='bbox 985 779 1026 812; x_wconf 78' lang='lat' dir='ltr'><strong>et</strong></span> <span class='ocrx_word' id='word_1_54' title='bbox 1049 766 1249 831; x_wconf 59' lang='lat' dir='ltr'><strong>rqspmzstx</strong></span> <span class='ocrx_word' id='word_1_55' title='bbox 1273 764 1495 811; x_wconf 78' lang='lat' dir='ltr'><strong>celebrium</strong></span> <span class='ocrx_word' id='word_1_56' title='bbox 1573 799 1576 803; x_wconf 73' lang='lat'><strong>.</strong></span> 
     </span>
    </p>
   </div>
   <div class='ocr_carea' id='block_1_4' title="bbox 227 832 1498 1167">
    <p class='ocr_par' dir='ltr' id='par_1_4' title="bbox 227 832 1498 1167">
     <span class='ocr_line' id='line_1_9' title="bbox 227 832 1498 903; baseline -0.003 -22"><span class='ocrx_word' id='word_1_57' title='bbox 227 833 572 903; x_wconf 74' lang='lat' dir='ltr'><strong>pbilosophorum</strong></span> <span class='ocrx_word' id='word_1_58' title='bbox 611 832 719 880; x_wconf 85' lang='lat' dir='ltr'><em>libri</em></span> <span class='ocrx_word' id='word_1_59' title='bbox 755 833 913 891; x_wconf 77' lang='lat' dir='ltr'><strong>decem,</strong></span> <span class='ocrx_word' id='word_1_60' title='bbox 954 850 1080 894; x_wconf 15' lang='lat' dir='ltr'><strong>*nunc</strong></span> <span class='ocrx_word' id='word_1_61' title='bbox 1114 839 1308 899; x_wconf 84' lang='lat' dir='ltr'><strong>primum</strong></span> <span class='ocrx_word' id='word_1_62' title='bbox 1351 834 1498 892; x_wconf 68' lang='lat' dir='ltr'><strong>excusi.</strong></span> 
     </span>
     <span class='ocr_line' id='line_1_10' title="bbox 231 903 1495 964; baseline -0.004 -13"><span class='ocrx_word' id='word_1_63' title='bbox 231 907 427 955; x_wconf 75' lang='lat' dir='ltr'><strong>Froben.</strong></span> <span class='ocrx_word' id='word_1_64' title='bbox 451 903 570 948; x_wconf 81' lang='lat' dir='ltr'><strong>Bafil.</strong></span> <span class='ocrx_word' id='word_1_65' title='bbox 598 918 682 964; x_wconf 85' lang='lat'><strong>153</strong></span> <span class='ocrx_word' id='word_1_66' title='bbox 695 920 736 963; x_wconf 82' lang='lat'><strong>3.</strong></span> <span class='ocrx_word' id='word_1_67' title='bbox 759 919 805 962; x_wconf 80' lang='lat'><strong>4.</strong></span> <span class='ocrx_word' id='word_1_68' title='bbox 830 920 928 949; x_wconf 82' lang='lat' dir='ltr'><strong>cum</strong></span> <span class='ocrx_word' id='word_1_69' title='bbox 946 907 1084 962; x_wconf 85' lang='lat' dir='ltr'><strong>praef.</strong></span> <span class='ocrx_word' id='word_1_70' title='bbox 1104 905 1374 960; x_wconf 78' lang='lat' dir='ltr'><strong>Hieronymi</strong></span> <span class='ocrx_word' id='word_1_71' title='bbox 1390 906 1495 948; x_wconf 88' lang='lat' dir='ltr'><strong>Fro-</strong></span> 
     </span>
     <span class='ocr_line' id='line_1_11' title="bbox 231 969 1496 1041; baseline -0.003 -22"><span class='ocrx_word' id='word_1_72' title='bbox 231 974 355 1019; x_wconf 88' lang='lat' dir='ltr'><strong>benii</strong></span> <span class='ocrx_word' id='word_1_73' title='bbox 378 980 426 1017; x_wconf 84' lang='lat' dir='ltr'><strong>et</strong></span> <span class='ocrx_word' id='word_1_74' title='bbox 446 973 540 1041; x_wconf 72' lang='lat' dir='ltr'><strong>Nic.</strong></span> <span class='ocrx_word' id='word_1_75' title='bbox 560 971 793 1030; x_wconf 86' lang='lat' dir='ltr'><strong>Episcopii.</strong></span> <span class='ocrx_word' id='word_1_76' title='bbox 827 994 896 1005; x_wconf 83' lang='lat'><strong>--</strong></span> <span class='ocrx_word' id='word_1_77' title='bbox 940 973 1071 1030; x_wconf 55' lang='lat' dir='ltr'><strong>,Turn</strong></span> <span class='ocrx_word' id='word_1_78' title='bbox 1095 969 1328 1029; x_wconf 85' lang='lat' dir='ltr'><strong>aliquoties</strong></span> <span class='ocrx_word' id='word_1_79' title='bbox 1352 985 1496 1030; x_wconf 85' lang='lat' dir='ltr'><strong>graec.</strong></span> 
     </span>
     <span class='ocr_line' id='line_1_12' title="bbox 234 1036 1494 1092; baseline -0.006 -5"><span class='ocrx_word' id='word_1_80' title='bbox 234 1049 284 1087; x_wconf 78' lang='lat' dir='ltr'><strong>et</strong></span> <span class='ocrx_word' id='word_1_81' title='bbox 302 1040 423 1086; x_wconf 80' lang='lat' dir='ltr'><strong>latin.</strong></span> <span class='ocrx_word' id='word_1_82' title='bbox 455 1043 556 1083; x_wconf 79' lang='lat' dir='ltr'><strong>cu&#39;m</strong></span> <span class='ocrx_word' id='word_1_83' title='bbox 582 1036 802 1083; x_wconf 80' lang='lat' dir='ltr'><strong>Ambrosii</strong></span> <span class='ocrx_word' id='word_1_84' title='bbox 832 1036 1050 1092; x_wconf 79' lang='lat' dir='ltr'><strong>versione,</strong></span> <span class='ocrx_word' id='word_1_85' title='bbox 1086 1054 1110 1081; x_wconf 90' lang='lat' dir='ltr'><strong>a</strong></span> <span class='ocrx_word' id='word_1_86' title='bbox 1142 1036 1292 1082; x_wconf 85' lang='lat' dir='ltr'><strong>multis</strong></span> <span class='ocrx_word' id='word_1_87' title='bbox 1323 1038 1494 1081; x_wconf 86' lang='lat' dir='ltr'><strong>mendis</strong></span> 
     </span>
     <span class='ocr_line' id='line_1_13' title="bbox 234 1102 1494 1167; baseline -0.003 -16"><span class='ocrx_word' id='word_1_88' title='bbox 234 1116 449 1167; x_wconf 82' lang='lat' dir='ltr'><strong>purgata,</strong></span> <span class='ocrx_word' id='word_1_89' title='bbox 488 1106 604 1164; x_wconf 87' lang='lat' dir='ltr'><strong>apud</strong></span> <span class='ocrx_word' id='word_1_90' title='bbox 638 1105 774 1150; x_wconf 81' lang='lat' dir='ltr'><strong>Henr.</strong></span> <span class='ocrx_word' id='word_1_91' title='bbox 805 1102 947 1167; x_wconf 79' lang='lat' dir='ltr'><strong>Steph.</strong></span> <span class='ocrx_word' id='word_1_92' title='bbox 987 1116 1127 1162; x_wconf 76' lang='lat'>1570.</span> <span class='ocrx_word' id='word_1_93' title='bbox 1168 1111 1213 1156; x_wconf 82' lang='lat'><strong>8.</strong></span> <span class='ocrx_word' id='word_1_94' title='bbox 1247 1115 1352 1149; x_wconf 85' lang='lat' dir='ltr'><strong>cum</strong></span> <span class='ocrx_word' id='word_1_95' title='bbox 1378 1103 1494 1153; x_wconf 84' lang='lat' dir='ltr'><strong>illius</strong></span> 
     </span>
    </p>
   </div>
   <div class='ocr_carea' id='block_1_5' title="bbox 229 1169 1644 1231">
    <p class='ocr_par' dir='ltr' id='par_1_5' title="bbox 229 1169 1644 1231">
     <span class='ocr_line' id='line_1_14' title="bbox 229 1169 1644 1231; baseline -0.004 -12"><span class='ocrx_word' id='word_1_96' title='bbox 229 1173 599 1219; x_wconf 81' lang='lat' dir='ltr'><strong>adnotationibus</strong></span> <span class='ocrx_word' id='word_1_97' title='bbox 627 1179 674 1216; x_wconf 86' lang='lat' dir='ltr'><strong>et</strong></span> <span class='ocrx_word' id='word_1_98' title='bbox 698 1172 958 1231; x_wconf 81' lang='lat' dir='ltr'><strong>fragmentis</strong></span> <span class='ocrx_word' id='word_1_99' title='bbox 984 1169 1412 1231; x_wconf 70' lang='lat' dir='ltr'><strong>Pythagor-aeorum,</strong></span> <span class='ocrx_word' id='word_1_100' title='bbox 1447 1173 1495 1215; x_wconf 83' lang='lat' dir='ltr'><strong>in</strong></span> <span class='ocrx_word' id='word_1_101' title='bbox 1559 1172 1562 1178; x_wconf 87' lang='lat'>&#39;</span> <span class='ocrx_word' id='word_1_102' title='bbox 1641 1180 1644 1187; x_wconf 57' lang='lat'><em>¹</em></span> 
     </span>
    </p>
   </div>
   <div class='ocr_carea' id='block_1_6' title="bbox 228 1236 1506 2627">
    <p class='ocr_par' dir='ltr' id='par_1_6' title="bbox 228 1236 1506 2575">
     <span class='ocr_line' id='line_1_15' title="bbox 233 1236 1497 1300; baseline -0.007 -15"><span class='ocrx_word' id='word_1_103' title='bbox 233 1255 321 1300; x_wconf 83' lang='lat' dir='ltr'><strong>qua</strong></span> <span class='ocrx_word' id='word_1_104' title='bbox 344 1241 416 1285; x_wconf 55' lang='lat' dir='ltr'><strong>ed⁵</strong></span> <span class='ocrx_word' id='word_1_105' title='bbox 440 1247 531 1284; x_wconf 85' lang='lat' dir='ltr'><strong>tres</strong></span> <span class='ocrx_word' id='word_1_106' title='bbox 557 1239 745 1282; x_wconf 90' lang='lat' dir='ltr'><strong>Henrici</strong></span> <span class='ocrx_word' id='word_1_107' title='bbox 770 1245 946 1294; x_wconf 79' lang='lat' dir='ltr'><strong>textum</strong></span> <span class='ocrx_word' id='word_1_108' title='bbox 973 1244 1022 1283; x_wconf 86' lang='lat' dir='ltr'><strong>et</strong></span> <span class='ocrx_word' id='word_1_109' title='bbox 1054 1236 1298 1296; x_wconf 78' lang='lat' dir='ltr'><strong>diiigenter</strong></span> <span class='ocrx_word' id='word_1_110' title='bbox 1334 1245 1497 1282; x_wconf 61' lang='lat' dir='ltr'><strong>contu«.</strong></span> 
     </span>
     <span class='ocr_line' id='line_1_16' title="bbox 228 1301 1498 1362; baseline -0.005 -8"><span class='ocrx_word' id='word_1_111' title='bbox 228 1307 384 1354; x_wconf 82' lang='lat' dir='ltr'><strong>lerunt</strong></span> <span class='ocrx_word' id='word_1_112' title='bbox 415 1321 516 1351; x_wconf 88' lang='lat' dir='ltr'><strong>cum</strong></span> <span class='ocrx_word' id='word_1_113' title='bbox 539 1306 671 1352; x_wconf 71' lang='lat' dir='ltr'><strong>codd.</strong></span> <span class='ocrx_word' id='word_1_114' title='bbox 693 1306 855 1351; x_wconf 88' lang='lat' dir='ltr'><strong>lVlSStis</strong></span> <span class='ocrx_word' id='word_1_115' title='bbox 878 1312 925 1350; x_wconf 82' lang='lat' dir='ltr'><strong>et</strong></span> <span class='ocrx_word' id='word_1_116' title='bbox 966 1307 1230 1362; x_wconf 83' lang='lat' dir='ltr'><strong>frequenter</strong></span> <span class='ocrx_word' id='word_1_117' title='bbox 1263 1301 1498 1349; x_wconf 75' lang='lat' dir='ltr'><strong>restituere</strong></span> 
     </span>
     <span class='ocr_line' id='line_1_17' title="bbox 231 1370 1495 1429; baseline -0.003 -9"><span class='ocrx_word' id='word_1_118' title='bbox 231 1375 525 1420; x_wconf 83' lang='lat' dir='ltr'><strong>studuerunt:</strong></span> <span class='ocrx_word' id='word_1_119' title='bbox 564 1395 624 1406; x_wconf 88' lang='lat'><strong>—-</strong></span> <span class='ocrx_word' id='word_1_120' title='bbox 669 1373 835 1417; x_wconf 89' lang='lat' dir='ltr'><strong>deinde</strong></span> <span class='ocrx_word' id='word_1_121' title='bbox 864 1371 1107 1416; x_wconf 69' lang='lat' dir='ltr'><strong>correfflus</strong></span> <span class='ocrx_word' id='word_1_122' title='bbox 1138 1370 1255 1429; x_wconf 90' lang='lat' dir='ltr'><strong>apud</strong></span> <span class='ocrx_word' id='word_1_123' title='bbox 1287 1371 1495 1416; x_wconf 82' lang='lat' dir='ltr'><strong>eumdem</strong></span> 
     </span>
     <span class='ocr_line' id='line_1_18' title="bbox 229 1434 1496 1502; baseline -0.003 -18"><span class='ocrx_word' id='word_1_124' title='bbox 229 1441 290 1487; x_wconf 91' lang='lat' dir='ltr'><strong>H.</strong></span> <span class='ocrx_word' id='word_1_125' title='bbox 313 1437 567 1502; x_wconf 79' lang='lat' dir='ltr'><strong>Stephanum</strong></span> <span class='ocrx_word' id='word_1_126' title='bbox 600 1452 739 1499; x_wconf 82' lang='lat'>1593·</span> <span class='ocrx_word' id='word_1_127' title='bbox 771 1445 809 1491; x_wconf 84' lang='lat'><strong>8.</strong></span> <span class='ocrx_word' id='word_1_128' title='bbox 830 1455 895 1500; x_wconf 86' lang='lat' dir='ltr'><strong>gr.</strong></span> <span class='ocrx_word' id='word_1_129' title='bbox 923 1448 970 1484; x_wconf 84' lang='lat' dir='ltr'><strong>et</strong></span> <span class='ocrx_word' id='word_1_130' title='bbox 1009 1438 1082 1498; x_wconf 84' lang='lat' dir='ltr'><strong>lat,</strong></span> <span class='ocrx_word' id='word_1_131' title='bbox 1106 1438 1259 1483; x_wconf 83' lang='lat' dir='ltr'><strong>addito</strong></span> <span class='ocrx_word' id='word_1_132' title='bbox 1284 1434 1496 1498; x_wconf 70' lang='lat' dir='ltr'><strong>Hesychia</strong></span> 
     </span>
     <span class='ocr_line' id='line_1_19' title="bbox 229 1505 1497 1565; baseline -0.003 -10"><span class='ocrx_word' id='word_1_133' title='bbox 229 1508 294 1555; x_wconf 81' lang='lat' dir='ltr'><strong>ill.</strong></span> <span class='ocrx_word' id='word_1_134' title='bbox 319 1509 376 1552; x_wconf 88' lang='lat' dir='ltr'><strong>de</strong></span> <span class='ocrx_word' id='word_1_135' title='bbox 396 1508 552 1551; x_wconf 86' lang='lat' dir='ltr'><strong>iisdem</strong></span> <span class='ocrx_word' id='word_1_136' title='bbox 572 1505 847 1565; x_wconf 83' lang='lat' dir='ltr'><strong>philosophis</strong></span> <span class='ocrx_word' id='word_1_137' title='bbox 871 1514 919 1553; x_wconf 86' lang='lat' dir='ltr'><strong>et</strong></span> <span class='ocrx_word' id='word_1_138' title='bbox 941 1505 1031 1550; x_wconf 80' lang='lat' dir='ltr'><strong>aliis</strong></span> <span class='ocrx_word' id='word_1_139' title='bbox 1045 1507 1348 1564; x_wconf 81' lang='lat' dir='ltr'><strong>scriptoribus,</strong></span> <span class='ocrx_word' id='word_1_140' title='bbox 1372 1521 1497 1565; x_wconf 86' lang='lat' dir='ltr'><strong>grae-</strong></span> 
     </span>
     <span class='ocr_line' id='line_1_20' title="bbox 230 1572 1494 1631; baseline -0.003 -9"><span class='ocrx_word' id='word_1_141' title='bbox 230 1592 285 1622; x_wconf 82' lang='lat' dir='ltr'><strong>ce</strong></span> <span class='ocrx_word' id='word_1_142' title='bbox 309 1591 411 1621; x_wconf 89' lang='lat' dir='ltr'><strong>cum</strong></span> <span class='ocrx_word' id='word_1_143' title='bbox 435 1572 639 1619; x_wconf 85' lang='lat' dir='ltr'><strong>verfione</strong></span> <span class='ocrx_word' id='word_1_144' title='bbox 660 1573 736 1619; x_wconf 83' lang='lat' dir='ltr'><strong>lat.</strong></span> <span class='ocrx_word' id='word_1_145' title='bbox 761 1575 867 1620; x_wconf 86' lang='lat' dir='ltr'><strong>Adr.</strong></span> <span class='ocrx_word' id='word_1_146' title='bbox 894 1576 1026 1631; x_wconf 86' lang='lat' dir='ltr'><strong>Iunii,</strong></span> <span class='ocrx_word' id='word_1_147' title='bbox 1061 1588 1163 1618; x_wconf 88' lang='lat' dir='ltr'><strong>cum</strong></span> <span class='ocrx_word' id='word_1_148' title='bbox 1182 1574 1427 1618; x_wconf 86' lang='lat' dir='ltr'><strong>Casauboni</strong></span> <span class='ocrx_word' id='word_1_149' title='bbox 1445 1574 1494 1618; x_wconf 87' lang='lat' dir='ltr'><strong>in</strong></span> 
     </span>
     <span class='ocr_line' id='line_1_21' title="bbox 230 1641 1493 1704; baseline -0.004 -16"><span class='ocrx_word' id='word_1_150' title='bbox 230 1645 488 1704; x_wconf 88' lang='lat' dir='ltr'><strong>Diogenem</strong></span> <span class='ocrx_word' id='word_1_151' title='bbox 509 1643 631 1686; x_wconf 87' lang='lat' dir='ltr'><strong>notis</strong></span> <span class='ocrx_word' id='word_1_152' title='bbox 653 1641 917 1685; x_wconf 64' lang='lat' dir='ltr'><strong>audtioribus</strong></span> <span class='ocrx_word' id='word_1_153' title='bbox 940 1649 1073 1698; x_wconf 87' lang='lat' dir='ltr'><strong>atque</strong></span> <span class='ocrx_word' id='word_1_154' title='bbox 1097 1641 1493 1695; x_wconf 86' lang='lat' dir='ltr'><strong>emendatioribus,</strong></span> 
     </span>
     <span class='ocr_line' id='line_1_22' title="bbox 233 1703 1494 1770; baseline -0.006 -14"><span class='ocrx_word' id='word_1_155' title='bbox 233 1725 347 1770; x_wconf 83' lang='lat' dir='ltr'><strong>quae</strong></span> <span class='ocrx_word' id='word_1_156' title='bbox 368 1710 496 1770; x_wconf 35' lang='lat' dir='ltr'><strong>pri&#39;us&#39;</strong></span> <span class='ocrx_word' id='word_1_157' title='bbox 514 1709 746 1765; x_wconf 87' lang='lat' dir='ltr'><strong>separatim</strong></span> <span class='ocrx_word' id='word_1_158' title='bbox 780 1708 1044 1764; x_wconf 85' lang='lat' dir='ltr'><strong>prodierant</strong></span> <span class='ocrx_word' id='word_1_159' title='bbox 1072 1708 1151 1752; x_wconf 78' lang='lat' dir='ltr'><strong>sub</strong></span> <span class='ocrx_word' id='word_1_160' title='bbox 1188 1703 1494 1765; x_wconf 21' lang='lat' dir='ltr'><strong>nominevlyiz-</strong></span> 
     </span>
     <span class='ocr_line' id='line_1_23' title="bbox 231 1770 1494 1834; baseline -0.002 -12"><span class='ocrx_word' id='word_1_161' title='bbox 231 1781 303 1822; x_wconf 80' lang='lat' dir='ltr'><strong>aci</strong></span> <span class='ocrx_word' id='word_1_162' title='bbox 332 1770 589 1828; x_wconf 78' lang='lat' dir='ltr'><strong>Horcibom&#39;,</strong></span> <span class='ocrx_word' id='word_1_163' title='bbox 627 1776 818 1834; x_wconf 79' lang='lat' dir='ltr'><strong>Morgiis</strong></span> <span class='ocrx_word' id='word_1_164' title='bbox 855 1783 996 1834; x_wconf 80' lang='lat'>1583.</span> <span class='ocrx_word' id='word_1_165' title='bbox 1038 1780 1085 1827; x_wconf 74' lang='lat'><strong>8.</strong></span> <span class='ocrx_word' id='word_1_166' title='bbox 1165 1775 1412 1831; x_wconf 87' lang='lat' dir='ltr'><strong>Stephanus</strong></span> <span class='ocrx_word' id='word_1_167' title='bbox 1446 1776 1494 1819; x_wconf 88' lang='lat' dir='ltr'><strong>in</strong></span> 
     </span>
     <span class='ocr_line' id='line_1_24' title="bbox 231 1839 1494 1904; baseline -0.005 -13"><span class='ocrx_word' id='word_1_168' title='bbox 231 1842 510 1904; x_wconf 80' lang='lat' dir='ltr'><strong>praefatione</strong></span> <span class='ocrx_word' id='word_1_169' title='bbox 535 1841 772 1886; x_wconf 79' lang='lat' dir='ltr'><strong>nonnullas</strong></span> <span class='ocrx_word' id='word_1_170' title='bbox 797 1844 842 1885; x_wconf 86' lang='lat' dir='ltr'><strong>in</strong></span> <span class='ocrx_word' id='word_1_171' title='bbox 863 1843 1118 1901; x_wconf 82' lang='lat' dir='ltr'><strong>Diogenem</strong></span> <span class='ocrx_word' id='word_1_172' title='bbox 1140 1839 1394 1898; x_wconf 78' lang='lat' dir='ltr'><strong>conscripsit</strong></span> <span class='ocrx_word' id='word_1_173' title='bbox 1408 1843 1494 1885; x_wconf 94' lang='lat' dir='ltr'><strong>ob-</strong></span> 
     </span>
     <span class='ocr_line' id='line_1_25' title="bbox 228 1908 1506 1969; baseline -0.004 -11"><span class='ocrx_word' id='word_1_174' title='bbox 228 1913 525 1962; x_wconf 75' lang='lat' dir='ltr'><strong>seruationes-</strong></span> <span class='ocrx_word' id='word_1_175' title='bbox 601 1911 683 1969; x_wconf 86' lang='lat' dir='ltr'><strong>De=</strong></span> <span class='ocrx_word' id='word_1_176' title='bbox 704 1920 891 1967; x_wconf 80' lang='lat' dir='ltr'><strong>Vtraque</strong></span> <span class='ocrx_word' id='word_1_177' title='bbox 931 1910 1049 1956; x_wconf 60' lang='lat' dir='ltr'><strong>editc</strong></span> <span class='ocrx_word' id='word_1_178' title='bbox 1071 1909 1162 1953; x_wconf 88' lang='lat' dir='ltr'><strong>vid.</strong></span> <span class='ocrx_word' id='word_1_179' title='bbox 1196 1908 1506 1968; x_wconf 46' lang='lat' dir='ltr'><strong>breytag&#39;ad?</strong></span> 
     </span>
     <span class='ocr_line' id='line_1_26' title="bbox 233 1976 1492 2039; baseline -0.002 -15"><span class='ocrx_word' id='word_1_180' title='bbox 233 1995 328 2039; x_wconf 85' lang='lat' dir='ltr'><strong>par.</strong></span> <span class='ocrx_word' id='word_1_181' title='bbox 354 1977 443 2025; x_wconf 79' lang='lat' dir='ltr'><strong>litt.</strong></span> <span class='ocrx_word' id='word_1_182' title='bbox 465 1979 518 2021; x_wconf 86' lang='lat'><strong>11.</strong></span> <span class='ocrx_word' id='word_1_183' title='bbox 538 1991 637 2035; x_wconf 86' lang='lat' dir='ltr'><strong>pag.</strong></span> <span class='ocrx_word' id='word_1_184' title='bbox 663 1990 774 2034; x_wconf 84' lang='lat'><strong>799.</strong></span> <span class='ocrx_word' id='word_1_185' title='bbox 794 1976 888 2034; x_wconf 78' lang='lat' dir='ltr'><strong>sqq.</strong></span> <span class='ocrx_word' id='word_1_186' title='bbox 912 2001 970 2010; x_wconf 90' lang='lat'>—</span> <span class='ocrx_word' id='word_1_187' title='bbox 1035 1978 1163 2021; x_wconf 88' lang='lat' dir='ltr'><strong>Haec</strong></span> <span class='ocrx_word' id='word_1_188' title='bbox 1185 1977 1324 2021; x_wconf 87' lang='lat' dir='ltr'><strong>editio</strong></span> <span class='ocrx_word' id='word_1_189' title='bbox 1346 1977 1492 2021; x_wconf 85' lang='lat' dir='ltr'><strong>recusa</strong></span> 
     </span>
     <span class='ocr_line' id='line_1_27' title="bbox 235 2042 1492 2104; baseline -0.003 -12"><span class='ocrx_word' id='word_1_190' title='bbox 235 2047 297 2092; x_wconf 84' lang='lat' dir='ltr'><strong>est</strong></span> <span class='ocrx_word' id='word_1_191' title='bbox 320 2045 488 2092; x_wconf 78' lang='lat' dir='ltr'><strong>Colo&#39;n.</strong></span> <span class='ocrx_word' id='word_1_192' title='bbox 521 2044 547 2088; x_wconf 88' lang='lat' dir='ltr'><strong>s.</strong></span> <span class='ocrx_word' id='word_1_193' title='bbox 572 2046 780 2088; x_wconf 80' lang='lat' dir='ltr'><strong>Geneuae</strong></span> <span class='ocrx_word' id='word_1_194' title='bbox 809 2042 1044 2104; x_wconf 82' lang='lat' dir='ltr'><strong>Allobrog.</strong></span> <span class='ocrx_word' id='word_1_195' title='bbox 1083 2045 1168 2088; x_wconf 88' lang='lat'><strong>161</strong></span> <span class='ocrx_word' id='word_1_196' title='bbox 1181 2056 1226 2102; x_wconf 80' lang='grc' dir='ltr'><strong>ς.</strong></span> <span class='ocrx_word' id='word_1_197' title='bbox 1258 2048 1300 2095; x_wconf 80' lang='lat'><strong>8.</strong></span> <span class='ocrx_word' id='word_1_198' title='bbox 1323 2045 1408 2102; x_wconf 85' lang='lat' dir='ltr'><strong>ita,</strong></span> <span class='ocrx_word' id='word_1_199' title='bbox 1441 2052 1492 2091; x_wconf 83' lang='lat' dir='ltr'><strong>vt</strong></span> 
     </span>
     <span class='ocr_line' id='line_1_28' title="bbox 235 2106 1493 2173; baseline -0.006 -14"><span class='ocrx_word' id='word_1_200' title='bbox 235 2113 492 2173; x_wconf 78' lang='lat' dir='ltr'><strong>quibusdam</strong></span> <span class='ocrx_word' id='word_1_201' title='bbox 527 2106 844 2168; x_wconf 78' lang='lat' dir='ltr'><strong>exemplaribus</strong></span> <span class='ocrx_word' id='word_1_202' title='bbox 890 2111 1230 2171; x_wconf 82' lang='lat' dir='ltr'><strong>subiungeretur</strong></span> <span class='ocrx_word' id='word_1_203' title='bbox 1273 2108 1493 2172; x_wconf 78' lang='lat' dir='ltr'><strong>Eunapius</strong></span> 
     </span>
     <span class='ocr_line' id='line_1_29' title="bbox 232 2177 1491 2237; baseline -0.002 -11"><span class='ocrx_word' id='word_1_204' title='bbox 232 2182 293 2226; x_wconf 87' lang='lat' dir='ltr'><strong>de</strong></span> <span class='ocrx_word' id='word_1_205' title='bbox 321 2181 422 2226; x_wconf 87' lang='lat' dir='ltr'><strong>vitis</strong></span> <span class='ocrx_word' id='word_1_206' title='bbox 445 2177 817 2237; x_wconf 84' lang='lat' dir='ltr'><strong>philosophorum</strong></span> <span class='ocrx_word' id='word_1_207' title='bbox 841 2185 888 2224; x_wconf 85' lang='lat' dir='ltr'><strong>et</strong></span> <span class='ocrx_word' id='word_1_208' title='bbox 900 2177 1187 2236; x_wconf 86' lang='lat' dir='ltr'><strong>sophistarum</strong></span> <span class='ocrx_word' id='word_1_209' title='bbox 1208 2192 1367 2237; x_wconf 81' lang='lat' dir='ltr'><strong>graece</strong></span> <span class='ocrx_word' id='word_1_210' title='bbox 1389 2193 1491 2223; x_wconf 86' lang='lat' dir='ltr'><strong>cum</strong></span> 
     </span>
     <span class='ocr_line' id='line_1_30' title="bbox 233 2243 1491 2304; baseline -0.004 -9"><span class='ocrx_word' id='word_1_211' title='bbox 233 2248 417 2295; x_wconf 85' lang='lat' dir='ltr'><strong>Adriani</strong></span> <span class='ocrx_word' id='word_1_212' title='bbox 445 2246 559 2290; x_wconf 87' lang='lat' dir='ltr'><strong>Iunii</strong></span> <span class='ocrx_word' id='word_1_213' title='bbox 581 2244 782 2290; x_wconf 78' lang='lat' dir='ltr'><strong>versione</strong></span> <span class='ocrx_word' id='word_1_214' title='bbox 803 2244 878 2291; x_wconf 87' lang='lat' dir='ltr'><strong>lat.</strong></span> <span class='ocrx_word' id='word_1_215' title='bbox 911 2269 980 2279; x_wconf 95' lang='lat'>—</span> <span class='ocrx_word' id='word_1_216' title='bbox 1019 2246 1118 2303; x_wconf 90' lang='lat' dir='ltr'><strong>Ope</strong></span> <span class='ocrx_word' id='word_1_217' title='bbox 1129 2243 1288 2290; x_wconf 86' lang='lat' dir='ltr'><strong>vetusti</strong></span> <span class='ocrx_word' id='word_1_218' title='bbox 1300 2252 1347 2289; x_wconf 88' lang='lat' dir='ltr'><strong>et</strong></span> <span class='ocrx_word' id='word_1_219' title='bbox 1362 2259 1491 2304; x_wconf 83' lang='lat' dir='ltr'><strong>egre-</strong></span> 
     </span>
     <span class='ocr_line' id='line_1_31' title="bbox 236 2306 1489 2376; baseline -0.002 -16"><span class='ocrx_word' id='word_1_220' title='bbox 236 2317 299 2376; x_wconf 88' lang='lat' dir='ltr'><strong>gii</strong></span> <span class='ocrx_word' id='word_1_221' title='bbox 320 2315 420 2362; x_wconf 84' lang='lat' dir='ltr'><strong>cod.</strong></span> <span class='ocrx_word' id='word_1_222' title='bbox 442 2310 687 2358; x_wconf 83' lang='lat' dir='ltr'><strong>Farnesiani</strong></span> <span class='ocrx_word' id='word_1_223' title='bbox 720 2321 768 2358; x_wconf 76' lang='lat' dir='ltr'><strong>et</strong></span> <span class='ocrx_word' id='word_1_224' title='bbox 799 2312 988 2356; x_wconf 85' lang='lat' dir='ltr'><strong>aliorum</strong></span> <span class='ocrx_word' id='word_1_225' title='bbox 1020 2319 1167 2358; x_wconf 84' lang='lat' dir='ltr'><strong>textus</strong></span> <span class='ocrx_word' id='word_1_226' title='bbox 1201 2306 1288 2356; x_wconf 81' lang='lat' dir='ltr'><strong>effe</strong></span> <span class='ocrx_word' id='word_1_227' title='bbox 1327 2312 1489 2358; x_wconf 83' lang='lat' dir='ltr'><strong>dicitur</strong></span> 
     </span>
     <span class='ocr_line' id='line_1_32' title="bbox 235 2378 1489 2441; baseline -0.006 -14"><span class='ocrx_word' id='word_1_228' title='bbox 235 2382 374 2441; x_wconf 86' lang='lat' dir='ltr'><strong>longe</strong></span> <span class='ocrx_word' id='word_1_229' title='bbox 396 2381 679 2426; x_wconf 87' lang='lat' dir='ltr'><strong>emendatior</strong></span> <span class='ocrx_word' id='word_1_230' title='bbox 695 2381 744 2424; x_wconf 90' lang='lat' dir='ltr'><strong>in</strong></span> <span class='ocrx_word' id='word_1_231' title='bbox 780 2381 980 2425; x_wconf 86' lang='lat' dir='ltr'><strong>editione</strong></span> <span class='ocrx_word' id='word_1_232' title='bbox 1001 2378 1196 2423; x_wconf 78' lang='lat' dir='ltr'><strong>Romana</strong></span> <span class='ocrx_word' id='word_1_233' title='bbox 1237 2390 1376 2438; x_wconf 79' lang='lat'>1594.</span> <span class='ocrx_word' id='word_1_234' title='bbox 1410 2378 1489 2425; x_wconf 85' lang='lat' dir='ltr'><strong>fol.</strong></span> 
     </span>
     <span class='ocr_line' id='line_1_33' title="bbox 238 2441 1489 2506; baseline -0.002 -12"><span class='ocrx_word' id='word_1_235' title='bbox 238 2461 338 2494; x_wconf 84' lang='lat' dir='ltr'><strong>curn</strong></span> <span class='ocrx_word' id='word_1_236' title='bbox 378 2449 756 2506; x_wconf 82' lang='lat' dir='ltr'><strong>interpretatione</strong></span> <span class='ocrx_word' id='word_1_237' title='bbox 784 2443 979 2491; x_wconf 78' lang='lat' dir='ltr'><strong>‘Thomae</strong></span> <span class='ocrx_word' id='word_1_238' title='bbox 1026 2441 1340 2489; x_wconf 75' lang='lat' dir='ltr'><strong>Aldobrandzm·</strong></span> <span class='ocrx_word' id='word_1_239' title='bbox 1374 2447 1489 2490; x_wconf 89' lang='lat' dir='ltr'><strong>eius·</strong></span> 
     </span>
     <span class='ocr_line' id='line_1_34' title="bbox 237 2512 1489 2575; baseline -0.004 -12"><span class='ocrx_word' id='word_1_240' title='bbox 237 2517 432 2575; x_wconf 82' lang='lat' dir='ltr'><strong>demque</strong></span> <span class='ocrx_word' id='word_1_241' title='bbox 458 2516 837 2571; x_wconf 81' lang='lat' dir='ltr'><strong>adnotationibus,</strong></span> <span class='ocrx_word' id='word_1_242' title='bbox 873 2528 986 2572; x_wconf 85' lang='lat' dir='ltr'><strong>quae</strong></span> <span class='ocrx_word' id='word_1_243' title='bbox 1011 2528 1120 2560; x_wconf 87' lang='lat' dir='ltr'><strong>vero</strong></span> <span class='ocrx_word' id='word_1_244' title='bbox 1143 2512 1254 2560; x_wconf 81' lang='lat' dir='ltr'><strong>vltra</strong></span> <span class='ocrx_word' id='word_1_245' title='bbox 1275 2512 1489 2571; x_wconf 79' lang='lat' dir='ltr'><strong>Leucippi</strong></span> 
     </span>
    </p>

    <p class='ocr_par' dir='ltr' id='par_1_7' title="bbox 1351 2581 1492 2627">
     <span class='ocr_line' id='line_1_35' title="bbox 1351 2581 1492 2627; baseline 0 0"><span class='ocrx_word' id='word_1_246' title='bbox 1351 2581 1492 2627; x_wconf 79' lang='lat' dir='ltr'><strong>vitam</strong></span> 
     </span>
    </p>
   </div>
   <div class='ocr_carea' id='block_1_7' title="bbox 1623 0 1686 3025">
    <p class='ocr_par' dir='ltr' id='par_1_8' title="bbox 1623 0 1686 3025">
     <span class='ocr_line' id='line_1_36' title="bbox 1623 0 1686 3025; baseline 0 0"><span class='ocrx_word' id='word_1_247' title='bbox 1623 0 1686 3025; x_wconf 95' lang='lat' dir='ltr'><strong> </strong></span> 
     </span>
    </p>
   </div>
  </div>
 </body>
</html>
