1686 3025
617 241 908 292 OPPIANVS.
1028 306 1035 309 ,
1115 315 1118 317 Α
1294 255 1353 288 22
1366 259 1393 304 9

135 364 319 413 Arnaud
348 371 396 415 in
429 369 692 415 lettionibus
725 370 888 423 graecis
924 365 984 425 ³⁸),
1019 364 1079 410 Io.
1112 362 1305 424 Pierson.
1339 369 1389 414 in

134 436 447 482 Verisimilibus
466 438 626 496 aliique
658 433 805 494 paffim
829 437 882 481 ad
898 435 1223 480 emendandum
1247 436 1388 492 Oppi-

133 520 265 549 anum
296 502 604 562 contuliffent,
651 519 702 548 ea
734 504 883 548 omnia
911 504 1199 549 Schneiderus
1230 502 1388 546 consu-

132 571 242 625 luit,
274 575 477 629 notauit,
508 581 639 630 atque
667 573 714 614 in
748 573 871 616 vsum
909 572 1156 622 conuertit,
1200 577 1275 615 aut
1309 570 1387 613 sub

134 654 319 684 examen
349 642 548 685 vocauit:
604 639 720 683 haud
754 654 887 697 pauca
919 638 1016 682 loca
1052 654 1104 682 ex
1134 637 1388 682 conietstura

128 710 322 752 mutauit
359 709 404 751 in
434 715 583 756 textu3
628 707 687 750 de
724 705 872 752 multis
893 705 1001 750 locis
1039 706 1164 750 suum
1195 704 1298 750 tulit
1319 707 1389 748 iu-

130 774 322 828 dicium,
353 775 579 821 interdum
611 789 663 818 ex
685 773 884 826 historia,
932 788 1063 831 quam
1088 782 1272 825 vocant,
1307 787 1388 815 na-

127 840 261 885 turali
282 842 508 886 au&0rem
535 841 760 898 explicuit,
795 850 929 898 atque
951 842 996 884 in
1022 841 1301 900 praefatione
1326 841 1385 882 de

128 908 265 952 codd.
293 909 565 952 editionibus
591 907 772 965 aliisque
797 910 928 951 rebus
963 908 1017 951 ad
1041 905 1385 964 intelligentiam

125 982 174 1018 et
204 973 427 1019 historiam
459 975 623 1019 horum
657 973 876 1019 librorum
919 969 1163 1018 neceffariis
1184 973 1385 1030 copiose

120 1037 341 1088 disseruit·
408 1042 599 1085 Eutecnii
624 1041 849 1100 Sophistae
881 1039 1159 1100 paraphrasin
1191 1040 1386 1098 Oppiani

121 1107 196 1152 vel
229 1112 378 1166 potius
410 1109 602 1166 Dionysii
627 1108 849 1155 librorum
891 1111 948 1153 de
979 1109 1209 1165 Aucupio‚
1268 1122 1385 1165 quos

117 1174 198 1220 Er.
235 1174 500 1238 Vindingius
533 1179 723 1222 Hafniae
754 1194 808 1223 ex
843 1179 1000 1222 codice
1022 1174 1246 1221 Holstenii
1275 1190 1385 1231 apo-

123 1244 294 1300 grapho
318 1247 483 1302 primus
503 1244 763 1305 vulgauerat
794 1258 932 1302 1702.
956 1251 998 1297 8.
1028 1258 1129 1287 cum
1162 1244 1386 1299 interpre-

122 1311 297 1354 tatione
319 1313 514 1356 Conradi
536 1314 745 1367 Gesneri,
779 1314 975 1370 recepit,
1007 1310 1146 1355 libros
1168 1310 1226 1353 de
1247 1309 1383 1367 pisca-

121 1379 250 1422 tione
271 1378 360 1436 ipse
381 1379 427 1422 in
450 1378 646 1439 linguam
665 1379 1106 1427 transtulitlatinam;
1138 1376 1261 1421 libris
1275 1391 1383 1421 con-

121 1452 192 1489 tra
214 1446 271 1488 de
289 1447 530 1490 venatione
553 1447 721 1490 addidit
742 1448 1167 1503 interpretationem
1200 1443 1382 1489 latinam

118 1513 306 1556 Adriani
329 1515 545 1566 Turnebi‚
580 1522 626 1558 at
646 1505 942 1558 emendatam0
978 1537 1037 1546 -—
1105 1512 1234 1556 Adde
1267 1513 1382 1555 eius-

119 1579 227 1623 dem
250 1579 508 1624 Schneideri
529 1579 735 1623 Analecta
752 1581 900 1625 critica
924 1587 1009 1624 etc.
1035 1581 1150 1623 Part.
1174 1581 1208 1625 Ι.
1238 1594 1305 1625 nr.
1330 1590 1383 1636 3.

116 1647 192 1690 vbi
214 1646 427 1703 quaedam
447 1644 640 1702 supplet·
692 1659 700 1663 ”

215 1711 399 1774 Oppiani
428 1721 636 1769 poemata
673 1711 730 1755 de
762 1712 1004 1756 venatione
1038 1718 1085 1756 et
1113 1709 1377 1768 piscatione,

60 1788 65 1794 '
116 1794 218 1826 cum
235 1780 609 1836 interpretatione
645 1777 721 1824 lat·
753 1787 801 1823 et
831 1777 1018 1824 scholiis.
1088 1775 1273 1823 Acceffit
1291 1778 1377 1820 Eu-

111 1843 277 1893 technii
287 1845 395 1906 (leg.
409 1846 622 1903 Eutecnii)
652 1845 915 1904 paraphrasis
942 1840 1163 1909 ἰξευτικῶν
1184 1855 1231 1890 et
1251 1846 1377 1888 Mar-

110 1913 211 1958 celli
228 1910 396 1960 Sidetae
417 1916 714 1974 fragmentum
738 1915 795 1957 de
819 1915 1020 1971 piscibus·
1049 1922 1162 1958 tom.
1188 1915 1219 1956 1.
1245 1913 1377 1967 Cyne-

77 1987 88 1993 ’
107 1983 272 2043 getica,
308 1981 361 2025 ad
383 1978 573 2046 quatuor
595 1991 716 2027 msst.
737 1982 872 2028 codd.
894 1979 1030 2025 fidem
1054 1981 1293 2038 recensuit,
1324 1989 1374 2027 ei:

112 2050 198 2094 'suis
219 2049 337 2093 auxit
355 2047 799 2093 animaduersionibus
821 2048 874 2091 Io.
901 2045 1030 2094 Nicol.
1055 2047 1175 2090 Belin
1200 2044 1250 2089 de
1273 2047 1375 2090 Bal-

111 2114 266 2170 lu‚'in
289 2113 453 2161 Galliae
473 2124 756 2170 monetarum
787 2117 904 2160 curia
940 2115 1131 2160 senator,
1200 2117 1372 2175 Argen-

114 2192 208 2230 tor.
234 2185 369 2240 1786.
394 2198 441 2240 4.
467 2190 513 2228 et
534 2185 619 2226 mai
645 2188 687 2234 8.
707 2199 775 2243 gr.
799 2198 901 2228 cum
921 2181 1123 2227 versione
1143 2181 1219 2227 lat.
1255 2186 1372 2227 Tur.

115 2252 237 2298 nebi.
261 2252 433 2297 Contra
452 2249 786 2304 Schneiderum‚
823 2265 955 2310 quem
981 2249 1373 2310 Oppianomastigae

116 2325 273 2376 vocat,
304 2318 441 2363 multa
471 2327 518 2363 et
537 2320 694 2362 acerbe
728 2321 945 2376 disputat,
980 2327 1178 2361 veterem
1214 2317 1369 2361 lediio·
1414 2365 1418 2369 ,

115 2399 222 2430 nem
243 2385 417 2432 reducit
438 2387 484 2430 in
507 2395 698 2444 textum,
729 2389 865 2431 etiam
890 2387 1022 2430 verba
1050 2393 1257 2443 corrupta
1280 2400 1369 2428 ma·

720 2451 752 2496 P
788 2469 810 2514 3
1255 2454 1367 2497 nise-

167 2589 209 2639 9)
238 2595 369 2645 Hagae
389 2593 579 2638 Comitum
604 2595 782 2646 1730.‚8·
808 2605 895 2647 pag·
923 2590 1004 2642 176
1025 2610 1080 2620 ···
1102 2599 1199 2644 235·
