1686 3025
295 236 395 293 380
802 221 1065 271 PROCLVS.

293 354 391 400 oth.
417 353 518 399 cod.
546 361 657 411 239.
683 373 741 384 --
791 364 894 394 cum
914 348 1090 396 Schotti
1112 344 1317 394 versione
1352 354 1402 394 et
1434 347 1560 393 scho-

289 420 376 477 liis,
408 437 432 465 a
452 414 676 478 Sylburgio
697 413 846 475 passim
871 432 896 461 e
933 417 1034 464 cod.
1070 418 1330 471 emendata,
1362 414 1564 474 suppleta

293 499 343 535 et
365 488 673 534 notationibus
697 484 844 531 auCtat
879 500 981 529 cum
1007 483 1251 543 Apollonio
1282 485 1339 528 de
1366 484 1563 544 Syntaxi‚

289 554 495 601 Francos.
525 567 542 597 1
556 568 664 614 590.
689 568 801 612 quae
820 551 882 598 est
902 553 1199 609 emendatior,
1215 566 1348 612 quam
1365 552 1431 605 ea,
1449 566 1562 610 quae

291 623 511 681 sequitur.
557 648 619 657 —
661 636 762 666 cum
799 619 1005 667 versione
1041 619 1308 678 scholiisque
1351 619 1560 666 Andreae

288 691 485 737 Schotti.
509 686 725 735 accessere
751 697 798 734 et
818 698 956 735 notae
987 689 1108 735 Petri
1141 689 1209 733 Io.
1237 685 1449 734 Nunnefii
1473 694 1563 732 etc.

288 774 375 819 per
420 754 618 802 Ludouic.
657 757 860 802 Carrion.
909 758 1145 802 Hanouiae
1198 757 1319 816 typis
1359 753 1563 803 Wechel.

295 827 437 882 1615.
473 841 521 885 4.
567 852 629 861 --
685 825 918 872 Adhaeret
955 839 1138 885 quoque
1171 820 1367 867 Andreae
1394 819 1561 868 Schotti

291 895 694 940 obseruationibus
729 893 949 948 humani5‚
982 888 1227 939 Honouiae
1256 891 1398 949 1615.
1419 904 1466 949 4.
1489 908 1560 924 —·-

289 985 358 998 —
381 962 434 1007 In
453 962 562 1007 Bibl.
586 963 667 1006 der
691 960 812 1006 alten
836 962 1042 1006 Litterat.
1061 967 1147 1006 etc.
1171 966 1283 1017 part.
1306 961 1338 1004 1.
1360 958 1562 1004 interin-

290 1031 413 1075 edita
447 1045 544 1090 pag.
585 1043 626 1075 1.
660 1029 755 1087 sqq.
790 1028 843 1073 cl.
882 1028 1091 1086 Tychsen
1118 1028 1261 1073 edidit
1305 1028 1350 1079 ι)
1370 1041 1424 1070 ex
1452 1025 1559 1073 cod·

291 1097 397 1142 bibl.
421 1095 702 1141 Escurialens.
729 1095 897 1140 collato
914 1094 1174 1154 apographo
1199 1110 1224 1138 e
1247 1094 1563 1143 cod.Vene'to,·

285 1168 367 1217 (de
390 1180 480 1222 quo
504 1164 607 1206 vide
631 1163 740 1206 ibid.
768 1177 869 1220 pag.
893 1161 953 1219 65
978 1161 1063 1219 sq.)
1097 1163 1240 1203 vitam
1263 1159 1430 1201 Honori
1457 1155 1563 1202 etde

283 1232 460 1295 Cypriis
490 1223 780 1272 carminibus:
817 1229 1010 1273 Homeri
1033 1229 1216 1287 quidem
1240 1228 1330 1272 vita
1353 1226 1430 1271 sub
1453 1224 1560 1270 Pro-

282 1299 343 1343 cli
361 1300 547 1344 nomine
569 1299 656 1341 iam
681 1296 802 1340 edita
821 1298 906 1341 fuit
925 1311 950 1340 a
968 1294 1097 1339 Leone
1113 1294 1276 1350 Allatio
1297 1296 1345 1338 in
1366 1292 1484 1339 libro
1503 1294 1562 1338 de

285 1369 429 1428 patria
463 1366 684 1422 Homeri,
735 1364 946 1424 Lugduni
985 1363 1127 1423 1640.
1166 1369 1206 1416 8.
1241 1377 1341 1423 pag.
1372 1375 1449 1422 30.
1481 1362 1559 1408 sed

283 1434 496 1496 Tychsen
518 1432 638 1478 illam
656 1447 681 1476 e
706 1432 863 1476 codice
890 1429 995 1478 sistit
1027 1432 1299 1476 auctiorem:
1338 1429 1386 1484 2)
1410 1444 1436 1474 e
1459 1430 1562 1476 cod.

284 1505 471 1550 Veneto
495 1501 575 1546 alia
597 1497 982 1544 Chrestomathiae
999 1497 1141 1543 Procli
1159 1502 1437 1559 fragmenta:
1456 1498 1560 1544 sunt

282 1587 396 1618 vero
427 1571 471 1624 a)
486 1561 666 1634 Πςὸκλε
689 1560 1039 1631 χρηςομοιθεὶοις
1060 1562 1113 1615 τὸ
1139 1559 1183 1627 y*
1198 1560 1390 1640 ῥξυτεςον
1406 1561 1562 1615 Αἷθεο-

283 1645 411 1703 πῖὃος
433 1648 469 1699 ἐ’
495 1644 694 1714 Aen-rive.
740 1642 782 1704 b)
806 1639 980 1697 Ιλιοὶδος
1006 1646 1172 1713 μικροῖς
1202 1644 1231 1697 δ’
1257 1645 1462 1710 Λέσχεω.
1509 1646 1555 1702 c)

280 1729 381 1793 ξλίε
411 1723 610 1796 πέρσιὸος
653 1729 692 1784 β
731 1723 932 1793 Rem-1218.
991 1725 1046 1785 d)
1087 1721 1240 1779 Νέςων
1265 1727 1294 1777 ἓ
1329 1723 1483 1788 Αὐτγίε.
1515 1728 1558 1782 e)

277 1812 552 1875 Ἱηλεγονίοις
565 1799 957 1878 ΒἿΕυιγοιμμῳνσς.
1022 1812 1114 1855 Has
1126 1801 1313 1871 singulas
1328 1808 1563 1868 particulas
1652 1860 1660 1873 ·

280 1880 537 1930 do&iffimis
564 1877 1017 1926 animaduersionibus
1040 1877 1272 1924 illustrauit
1312 1887 1448 1935 atque
1481 1892 1569 1937 or·r

284 1953 410 1998 nauit
446 1948 527 1994 cel.
568 1947 785 2006 Hcynim‚
834 1949 910 2004 qui
937 1960 1038 2005 pag.
1077 1958 1131 1989 12
1166 1946 1226 2004 sq.
1262 1953 1311 1991 et
1342 1960 1441 2006 pag.
1475 1955 1555 2003 34.

283 2030 430 2066 acute.
453 2017 590 2076 vidit,
625 2013 724 2071 post
750 2015 919 2059 Fabric.
939 2012 970 2059 l.
995 2027 1031 2057 c.
1060 2028 1104 2071 p.
1131 2025 1221 2071 521
1251 2012 1331 2071 sq.
1355 2023 1405 2058 et
1444 2025 1500 2073 53
1512 2025 1556 2072 3.

284 2104 312 2134 e
334 2088 446 2131 binis
471 2080 855 2130 Chrestornathiae
877 2081 999 2126 libris
1023 2081 1177 2126 faciam
1198 2078 1285 2125 esse
1303 2082 1554 2139 epitomen,

284 2149 480 2214 quatuor
498 2151 622 2196 libris
644 2149 1029 2207 comprehensam,
1066 2163 1122 2194 ex
1144 2164 1231 2208 qua
1253 2156 1461 2205 excerpta
1475 2146 1552 2192 ali-

284 2225 384 2282 quis
403 2222 550 2266 codici
572 2220 635 2264 sui
656 2213 949 2276 adscripsiffet'
968 2216 1121 2276 plura3
1154 2233 1181 2263 e
1201 2218 1360 2275 quibus
1381 2216 1552 2260 deriua-

283 2298 331 2339 ta
353 2288 460 2343 sint,
511 2303 624 2348 quae
648 2283 948 2331 Escuralienfis
988 2294 1036 2331 et
1062 2287 1261 2331 Venetus
1296 2284 1426 2328 nobis
1462 2282 1551 2326 ser·-

280 2367 458 2404 uarunt.
524 2357 717 2403 Videtur
752 2354 901 2400 eidem
939 2353 1054 2414 apud
1078 2352 1366 2398 Photiu'm-in
1401 2349 1552 2395 inscri-

280 2427 443 2486 ptione
485 2420 574 2469 effe
615 2425 829 2481 scriptum
864 2415 1124 2482 ἀνεγνώσθη
1162 2421 1209 2467 ἐκ
1243 2417 1328 2475 τῆς
1367 2410 1551 2483 Πρέκλες

280 2488 623 2559 9ςςξ7]-ῖο,ιιιοιὲτῖικςθ
648 2489 995 2558 γραμματικῆς,
1041 2494 1092 2536 et
1117 2488 1216 2536 satis
1248 2495 1435 2602 matur}
1448 2485 1549 2598 ¹ipss}

1438 2567 1515 2601 roc
