1640 3030
582 225 957 295 HELJODORVS.
1307 257 1401 310 3471

238 378 286 422 4.
321 365 495 411 Confer
517 359 708 409 Fabricii
732 367 776 409 B.
799 363 877 412 Gr.
916 362 1018 410 Vol.
1051 365 1146 409 1111.
1172 361 1295 410 Libr.
1322 367 1401 411 IV.

137 443 232 492 cap.
259 432 333 479 26.
357 436 449 480 XV.
488 442 526 484 8.
559 449 658 493 pag.
691 446 793 494 173.
819 434 912 492 sqq.
940 441 988 478 et
1015 431 1250 475 Valkenaer
1271 447 1401 490 prae-

137 505 218 546 fat.
253 524 318 535 —-
366 499 511 544 Caroli
532 501 691 561 ngaar
710 500 892 558 epistola
916 502 1066 546 critica
1086 501 1140 544 ad
1153 522 1168 532 ι
1183 498 1402 563 Valcken-

136 568 437 626 complediens
449 566 736 613 collationem
751 570 860 614 [visti
871 568 1165 628 etymologici
1182 570 1223 612 T
1226 568 1403 612 raieffl-

129 639 187 682 ni
207 652 304 681 cum
330 637 546 680 Ammonio
568 644 616 682 et
635 651 735 680 cum
759 636 1075 697 Etymologico
1110 638 1172 680 Μ.
1198 637 1322 693 quod
1344 635 1402 686 ad

139 712 371 762 excerpta,
425 719 538 763 quae
568 702 703 750 habet
725 719 778 748 ex
811 704 1075 749 dictionario
1097 701 1402 748 ecclefiastico.

136 772 356 816 Traeiedti
387 773 440 816 ad
475 772 611 819 Rhen.
651 771 788 824 1766.
826 777 869 824 8.
906 771 1205 829 Conspecium
1237 773 1287 818 V.
1311 769 1405 814 L.a

126 840 343 898 .Segaario
368 855 392 883 e
417 842 516 885 cod.
550 841 888 897 depromtarum
917 840 1043 885 dedit
1064 838 1259 889 Ammon.
1283 854 1327 884 v.
1349 835 1406 883 cl.

126 906 184 952 in
210 906 320 952 edit.
341 922 441 968 pag.
456 904 550 952 LX.
573 907 665 965 sqq.
689 904 946 966 prolegom.

698 1072 707 1082 .
781 1052 858 1084 21.

540 1035 1034 1175 HE÷L§IODORVS.

247 1252 290 1287 Ι.
325 1237 498 1286 Floruit
530 1241 810 1298 temporibus
842 1236 1090 1284 Theodosii
1117 1240 1181 1286 M.
1215 1240 1401 1300 eiusque

133 1305 333 1354 filiorum
355 1310 479 1353 circa·
499 1323 538 1354 a.
561 1309 611 1353 C.
641 1322 749 1367 390.

132 1413 135 1417 Α
244 1389 290 1420 2.
331 1375 569 1420 Emesenus
601 1374 824 1429 Phoenix,
884 1375 1123 1433 Episcopus
1164 1373 1405 1430 Tricenfis,

133 1439 383 1488 Thessaliae
405 1447 473 1498 *);
509 1443 567 1486 de
594 1459 684 1501 quo
710 1443 891 1500 quidam
918 1442 1054 1488 multa
1077 1442 1255 1488 fabulati
1281 1444 1406 1493 sunt.

243 1526 285 1571 3.
318 1511 758 1555 Admodumiuuenis
781 1506 1405 1571 scripfitAethiopicorumlibr.

129 1580 191 1636 ⁴X.
213 1575 302 1622 fiue
339 1577 533 1638 fabulam·
564 1577 796 1628 disertam,
867 1576 1122 1636 elegantem
1158 1577 1403 1636 castamque

134 1660 341 1689 amorum
361 1645 613 1704 Theagenis
637 1652 685 1688 et
707 1642 989 1702 Charicleae,
1036 1659 1148 1702 quae
1169 1643 1256 1689 filia
1277 1642 1406 1691 fuis-se

132 1710 321 1772 fingitur
343 1713 525 1772 reginae
553 1709 834 1768 Aethiopiae.

237 1793 283 1836 4.
315 1780 512 1823 Primum
533 1779 703 1835 prodiit
728 1778 1001 1822 Heliodorus
1033 1793 1192 1839 graece
1228 1793 1282 1824 ex
1308 1776 1408 1824 offla

130 1848 234 1894 „cina
259 1845 539 1907 Heruagiana
562 1861 662 1890 cum
685 1849 959 1903 praefatione
991 1848 1216 1891 Vincentii
1260 1847 1406 1897 Obso-

136 1915 270 1972 poei,
307 1912 492 1957 Bafileae
524 1925 665 1971 1534.
686 1928 725 1968 4.
755 1916 830 1972 qui
853 1916 902 1957 in
934 1915 1212 1971 praefatione
1248 1922 1295 1958 et
1322 1917 1406 1958 mi-

137 1979 261 2026 rifice
282 1979 430 2025 laudat
448 1980 777 2034 Heliodorum,
812 1991 861 2026 et
881 1985 966 2026 fata
987 1982 1168 2035 codicis,
1204 1996 1294 2039 quo
1305 1982 1402 2025 vsus

133 2047 231 2102 est,
301 2057 350 2092 et
382 2063 516 2124 quem
550 2063 601 2091 ex
632 2046 903 2093 bibliotheca
951 2048 1164 2094 Matthiae
1204 2050 1406 2106 Coruini,

138 2116 390 2175 Hungariae
414 2117 554 2175 regi5‚
589 2129 611 2157 a
644 2113 785 2159 milite
809 2114 1042 2160 Onoldino
1068 2116 1263 2174 quodam
1289 2117 1405 2159 dire·

140 2193 270 2242 ptum
291 2191 360 2235 et,
397 2182 537 2226 faustis
564 2170 804 2238 sideribus,
856 2181 1089 2228 Onoldum
1123 2191 1406 2241 reportatum

135 2251 349 2304 redemit,
384 2249 564 2308 copiose
578 2257 766 2294 enarrat.
801 2273 866 2282 —
892 2251 1011 2294 Tum
1025 2249 1189 2295 l1br1X
1204 2249 1408 2294 collatio-

141 2332 202 2362 ne
216 2318 330 2363 MSS.
358 2327 549 2377 quatuor
564 2315 862 2362 Bibliothecae
881 2315 1098 2363 Palatinae
1124 2326 1172 2363 et
1216 2316 1406 2362 aliorum

136 2385 370 2431 emendati
395 2384 636 2443 multisque
657 2385 703 2428 in
723 2382 831 2428 locis
854 2384 993 2446 ancti,
1025 2384 1281 2448 Hieronymi
1294 2385 1410 2427 Com-

710 2453 747 2496 Y
788 2466 810 2514 3
1288 2450 1411 2498 meli-

196 2594 240 2640 Ψ)
267 2606 304 2635 v·
325 2589 473 2632 Socrat·
493 2589 541 2637 Η,
559 2565 663 2636 Eccl.
682 2597 732 2637 V.
757 2602 813 2641 22
834 2594 964 2648 ibique
979 2596 1114 2649 γεω.
