<?xml version="1.0" encoding="UTF-8"?>
<!DOCTYPE html PUBLIC "-//W3C//DTD XHTML 1.0 Transitional//EN"
    "http://www.w3.org/TR/xhtml1/DTD/xhtml1-transitional.dtd">
<html xmlns="http://www.w3.org/1999/xhtml" xml:lang="en" lang="en">
 <head>
  <title>
</title>
<meta http-equiv="Content-Type" content="text/html;charset=utf-8" />
  <meta name='ocr-system' content='tesseract 3.04.00' />
  <meta name='ocr-capabilities' content='ocr_page ocr_carea ocr_par ocr_line ocrx_word'/>
</head>
<body>
  <div class='ocr_page' id='page_1' title='image "./p1theophilichristo02harluoft_0528.png"; bbox 0 0 1686 3025; ppageno 0'>
   <div class='ocr_carea' id='block_1_1' title="bbox 266 285 1091 353">
    <p class='ocr_par' dir='ltr' id='par_1_1' title="bbox 266 285 1091 353">
     <span class='ocr_line' id='line_1_1' title="bbox 266 285 1091 353; baseline 0.006 -23"><span class='ocrx_word' id='word_1_1' title='bbox 266 291 379 353; x_wconf 33' lang='lat'><strong>&lt;516</strong></span> <span class='ocrx_word' id='word_1_2' title='bbox 719 285 1091 336; x_wconf 73' lang='lat' dir='ltr'><em>EVSTATHWS.</em></span> 
     </span>
    </p>
   </div>
   <div class='ocr_carea' id='block_1_2' title="bbox 225 412 1571 1755">
    <p class='ocr_par' dir='ltr' id='par_1_2' title="bbox 225 412 1571 1755">
     <span class='ocr_line' id='line_1_2' title="bbox 282 412 1550 474; baseline -0.001 -13"><span class='ocrx_word' id='word_1_3' title='bbox 282 415 548 472; x_wconf 78' lang='lat' dir='ltr'><strong>rhetorum,</strong></span> <span class='ocrx_word' id='word_1_4' title='bbox 605 412 829 458; x_wconf 88' lang='lat' dir='ltr'><strong>Diaconus</strong></span> <span class='ocrx_word' id='word_1_5' title='bbox 873 420 922 459; x_wconf 91' lang='lat' dir='ltr'><strong>et</strong></span> <span class='ocrx_word' id='word_1_6' title='bbox 953 412 1150 470; x_wconf 80' lang='lat' dir='ltr'><strong>denique</strong></span> <span class='ocrx_word' id='word_1_7' title='bbox 1183 412 1550 474; x_wconf 77' lang='lat' dir='ltr'><strong>Archiepiscopus</strong></span> 
     </span>
     <span class='ocr_line' id='line_1_3' title="bbox 282 473 1551 542; baseline 0.001 -15"><span class='ocrx_word' id='word_1_8' title='bbox 282 473 699 528; x_wconf 76' lang='lat' dir='ltr'><strong>Theffalonicenfis:</strong></span> <span class='ocrx_word' id='word_1_9' title='bbox 734 480 872 526; x_wconf 87' lang='lat' dir='ltr'><strong>homo</strong></span> <span class='ocrx_word' id='word_1_10' title='bbox 886 481 1122 539; x_wconf 88' lang='lat' dir='ltr'><strong>prudentia</strong></span> <span class='ocrx_word' id='word_1_11' title='bbox 1134 495 1228 524; x_wconf 90' lang='lat' dir='ltr'><strong>non</strong></span> <span class='ocrx_word' id='word_1_12' title='bbox 1243 485 1394 542; x_wconf 77' lang='lat' dir='ltr'><strong>magis,</strong></span> <span class='ocrx_word' id='word_1_13' title='bbox 1419 497 1551 540; x_wconf 86' lang='lat' dir='ltr'><strong>quam</strong></span> 
     </span>
     <span class='ocr_line' id='line_1_4' title="bbox 285 549 1554 609; baseline 0 -13"><span class='ocrx_word' id='word_1_14' title='bbox 285 550 574 609; x_wconf 79' lang='lat' dir='ltr'>eloquentia,</span> <span class='ocrx_word' id='word_1_15' title='bbox 609 549 883 605; x_wconf 84' lang='lat' dir='ltr'><strong>eruditione,</strong></span> <span class='ocrx_word' id='word_1_16' title='bbox 911 557 1044 607; x_wconf 89' lang='lat' dir='ltr'><strong>atque</strong></span> <span class='ocrx_word' id='word_1_17' title='bbox 1065 549 1439 606; x_wconf 81' lang='lat' dir='ltr'><strong>interpretatione</strong></span> <span class='ocrx_word' id='word_1_18' title='bbox 1454 561 1554 596; x_wconf 84' lang='lat' dir='ltr'><strong>tum</strong></span> 
     </span>
     <span class='ocr_line' id='line_1_5' title="bbox 284 613 1558 677; baseline 0 -15"><span class='ocrx_word' id='word_1_19' title='bbox 284 618 474 662; x_wconf 87' lang='lat' dir='ltr'><strong>Homeri</strong></span> <span class='ocrx_word' id='word_1_20' title='bbox 493 625 592 662; x_wconf 88' lang='lat' dir='ltr'><strong>tum</strong></span> <span class='ocrx_word' id='word_1_21' title='bbox 613 615 815 677; x_wconf 76' lang='lat' dir='ltr'><strong>Dionysii</strong></span> <span class='ocrx_word' id='word_1_22' title='bbox 835 617 1058 676; x_wconf 87' lang='lat' dir='ltr'><strong>Perieget.</strong></span> <span class='ocrx_word' id='word_1_23' title='bbox 1077 613 1342 663; x_wconf 80' lang='lat' dir='ltr'><strong>clariffimus.</strong></span> <span class='ocrx_word' id='word_1_24' title='bbox 1377 619 1447 662; x_wconf 88' lang='lat' dir='ltr'><strong>De</strong></span> <span class='ocrx_word' id='word_1_25' title='bbox 1459 620 1558 663; x_wconf 61' lang='lat' dir='ltr'><strong>eiua</strong></span> 
     </span>
     <span class='ocr_line' id='line_1_6' title="bbox 287 683 1554 750; baseline -0.001 -20"><span class='ocrx_word' id='word_1_26' title='bbox 287 685 621 730; x_wconf 82' lang='lat' dir='ltr'><strong>commentariis</strong></span> <span class='ocrx_word' id='word_1_27' title='bbox 643 684 690 728; x_wconf 88' lang='lat' dir='ltr'><strong>in</strong></span> <span class='ocrx_word' id='word_1_28' title='bbox 717 687 974 729; x_wconf 88' lang='lat' dir='ltr'><strong>Homerum</strong></span> <span class='ocrx_word' id='word_1_29' title='bbox 987 683 1148 728; x_wconf 89' lang='lat' dir='ltr'><strong>videin</strong></span> <span class='ocrx_word' id='word_1_30' title='bbox 1163 691 1276 728; x_wconf 86' lang='lat' dir='ltr'><strong>tom.</strong></span> <span class='ocrx_word' id='word_1_31' title='bbox 1306 698 1345 729; x_wconf 86' lang='lat'><strong>1.</strong></span> <span class='ocrx_word' id='word_1_32' title='bbox 1371 700 1411 750; x_wconf 86' lang='lat' dir='ltr'><strong>p.</strong></span> <span class='ocrx_word' id='word_1_33' title='bbox 1449 685 1554 742; x_wconf 85' lang='lat'>156.</span> 
     </span>
     <span class='ocr_line' id='line_1_7' title="bbox 288 750 1555 812; baseline -0.001 -14"><span class='ocrx_word' id='word_1_34' title='bbox 288 762 336 799; x_wconf 90' lang='lat' dir='ltr'><strong>et</strong></span> <span class='ocrx_word' id='word_1_35' title='bbox 355 754 401 796; x_wconf 89' lang='lat' dir='ltr'><strong>in</strong></span> <span class='ocrx_word' id='word_1_36' title='bbox 423 750 686 812; x_wconf 75' lang='lat' dir='ltr'><strong>Dionysium</strong></span> <span class='ocrx_word' id='word_1_37' title='bbox 709 751 836 809; x_wconf 84' lang='lat' dir='ltr'><strong>supra</strong></span> <span class='ocrx_word' id='word_1_38' title='bbox 855 753 901 794; x_wconf 90' lang='lat' dir='ltr'><strong>in</strong></span> <span class='ocrx_word' id='word_1_39' title='bbox 925 750 1199 812; x_wconf 80' lang='lat' dir='ltr'><strong>paragrapho</strong></span> <span class='ocrx_word' id='word_1_40' title='bbox 1235 753 1292 796; x_wconf 82' lang='lat' dir='ltr'><strong>de</strong></span> <span class='ocrx_word' id='word_1_41' title='bbox 1323 752 1411 796; x_wconf 91' lang='lat' dir='ltr'><strong>hoc</strong></span> <span class='ocrx_word' id='word_1_42' title='bbox 1443 767 1555 811; x_wconf 87' lang='lat' dir='ltr'><strong>poe-</strong></span> 
     </span>
     <span class='ocr_line' id='line_1_8' title="bbox 287 817 1559 879; baseline -0.003 -13"><span class='ocrx_word' id='word_1_43' title='bbox 287 829 357 867; x_wconf 88' lang='lat' dir='ltr'><strong>ta:</strong></span> <span class='ocrx_word' id='word_1_44' title='bbox 395 829 531 877; x_wconf 89' lang='lat' dir='ltr'><strong>atque</strong></span> <span class='ocrx_word' id='word_1_45' title='bbox 553 820 863 864; x_wconf 86' lang='lat' dir='ltr'><strong>commentarii</strong></span> <span class='ocrx_word' id='word_1_46' title='bbox 877 820 1152 879; x_wconf 83' lang='lat' dir='ltr'><strong>grammatici</strong></span> <span class='ocrx_word' id='word_1_47' title='bbox 1175 817 1313 863; x_wconf 82' lang='lat' dir='ltr'><strong>nostri</strong></span> <span class='ocrx_word' id='word_1_48' title='bbox 1335 818 1559 878; x_wconf 54' lang='lat' dir='ltr'><strong>praestana</strong></span> 
     </span>
     <span class='ocr_line' id='line_1_9' title="bbox 288 883 1559 946; baseline -0.004 -12"><span class='ocrx_word' id='word_1_49' title='bbox 288 884 435 934; x_wconf 84' lang='lat' dir='ltr'><strong>tiffimi</strong></span> <span class='ocrx_word' id='word_1_50' title='bbox 459 889 506 931; x_wconf 80' lang='lat' dir='ltr'><strong>in</strong></span> <span class='ocrx_word' id='word_1_51' title='bbox 531 885 795 946; x_wconf 77' lang='lat' dir='ltr'><strong>Dionysium</strong></span> <span class='ocrx_word' id='word_1_52' title='bbox 828 887 1111 946; x_wconf 85' lang='lat' dir='ltr'><strong>Periegetam</strong></span> <span class='ocrx_word' id='word_1_53' title='bbox 1145 883 1386 929; x_wconf 73' lang='lat' dir='ltr'><strong>Alexandro</strong></span> <span class='ocrx_word' id='word_1_54' title='bbox 1418 885 1559 930; x_wconf 78' lang='lat' dir='ltr'><em>Polito</em></span> 
     </span>
     <span class='ocr_line' id='line_1_10' title="bbox 288 952 1524 1018; baseline -0.002 -17"><span class='ocrx_word' id='word_1_55' title='bbox 288 957 572 1013; x_wconf 84' lang='lat' dir='ltr'><strong>interprete,</strong></span> <span class='ocrx_word' id='word_1_56' title='bbox 609 953 774 1001; x_wconf 87' lang='lat' dir='ltr'><strong>Colon.</strong></span> <span class='ocrx_word' id='word_1_57' title='bbox 796 952 970 1000; x_wconf 74' lang='lat' dir='ltr'><strong>Allobr.</strong></span> <span class='ocrx_word' id='word_1_58' title='bbox 1000 966 1141 1011; x_wconf 90' lang='lat'>1741.</span> <span class='ocrx_word' id='word_1_59' title='bbox 1169 960 1212 1005; x_wconf 82' lang='lat'><strong>8.</strong></span> <span class='ocrx_word' id='word_1_60' title='bbox 1239 953 1524 1018; x_wconf 64' lang='lat' dir='ltr'><strong>prodierunt,</strong></span> 
     </span>
     <span class='ocr_line' id='line_1_11' title="bbox 225 1020 1558 1081; baseline -0.001 -14"><span class='ocrx_word' id='word_1_61' title='bbox 225 1033 229 1036; x_wconf 79' lang='grc'><strong><em>’</em></strong></span> <span class='ocrx_word' id='word_1_62' title='bbox 386 1022 552 1069; x_wconf 86' lang='lat' dir='ltr'><strong>Nostro</strong></span> <span class='ocrx_word' id='word_1_63' title='bbox 579 1032 761 1081; x_wconf 84' lang='lat' dir='ltr'><strong>quoque</strong></span> <span class='ocrx_word' id='word_1_64' title='bbox 786 1032 809 1065; x_wconf 85' lang='lat' dir='ltr'><strong>a</strong></span> <span class='ocrx_word' id='word_1_65' title='bbox 835 1020 1097 1078; x_wconf 88' lang='lat' dir='ltr'><strong>quibusdam</strong></span> <span class='ocrx_word' id='word_1_66' title='bbox 1129 1022 1286 1066; x_wconf 86' lang='lat' dir='ltr'><strong>tributi</strong></span> <span class='ocrx_word' id='word_1_67' title='bbox 1305 1022 1406 1067; x_wconf 87' lang='lat' dir='ltr'><strong>sunt</strong></span> <span class='ocrx_word' id='word_1_68' title='bbox 1424 1023 1481 1066; x_wconf 81' lang='lat' dir='ltr'><strong>de</strong></span> <span class='ocrx_word' id='word_1_69' title='bbox 1496 1024 1558 1066; x_wconf 90' lang='lat' dir='ltr'><strong>Is-</strong></span> 
     </span>
     <span class='ocr_line' id='line_1_12' title="bbox 292 1087 1559 1148; baseline -0.002 -12"><span class='ocrx_word' id='word_1_70' title='bbox 292 1091 467 1136; x_wconf 88' lang='lat' dir='ltr'><strong>meniae</strong></span> <span class='ocrx_word' id='word_1_71' title='bbox 498 1097 546 1135; x_wconf 85' lang='lat' dir='ltr'><strong>et</strong></span> <span class='ocrx_word' id='word_1_72' title='bbox 577 1092 775 1134; x_wconf 85' lang='lat' dir='ltr'><strong>Ismenes&#39;</strong></span> <span class='ocrx_word' id='word_1_73' title='bbox 800 1089 1023 1131; x_wconf 84' lang='lat' dir='ltr'><strong>amoribus</strong></span> <span class='ocrx_word' id='word_1_74' title='bbox 1055 1087 1158 1130; x_wconf 85' lang='lat' dir='ltr'><strong>libri</strong></span> <span class='ocrx_word' id='word_1_75' title='bbox 1183 1091 1259 1137; x_wconf 83' lang='lat' dir='ltr'><strong>XI,</strong></span> <span class='ocrx_word' id='word_1_76' title='bbox 1287 1090 1436 1148; x_wconf 84' lang='lat' dir='ltr'><strong>frigidi</strong></span> <span class='ocrx_word' id='word_1_77' title='bbox 1461 1091 1559 1135; x_wconf 87' lang='lat' dir='ltr'><strong>ine-</strong></span> 
     </span>
     <span class='ocr_line' id='line_1_13' title="bbox 292 1150 1556 1217; baseline 0.001 -17"><span class='ocrx_word' id='word_1_78' title='bbox 292 1160 475 1217; x_wconf 86' lang='lat' dir='ltr'><strong>ptique,</strong></span> <span class='ocrx_word' id='word_1_79' title='bbox 512 1171 623 1213; x_wconf 90' lang='lat' dir='ltr'><strong>quos</strong></span> <span class='ocrx_word' id='word_1_80' title='bbox 656 1150 874 1196; x_wconf 80' lang='lat' dir='ltr'><strong>Gilbcrtus</strong></span> <span class='ocrx_word' id='word_1_81' title='bbox 914 1151 1169 1194; x_wconf 80' lang='lat' dir='ltr'><strong>Gaulminus</strong></span> <span class='ocrx_word' id='word_1_82' title='bbox 1203 1156 1368 1211; x_wconf 84' lang='lat' dir='ltr'><strong>primus</strong></span> <span class='ocrx_word' id='word_1_83' title='bbox 1398 1172 1556 1214; x_wconf 87' lang='lat' dir='ltr'><strong>graece</strong></span> 
     </span>
     <span class='ocr_line' id='line_1_14' title="bbox 293 1218 1560 1274; baseline -0.006 -6"><span class='ocrx_word' id='word_1_84' title='bbox 293 1225 434 1269; x_wconf 88' lang='lat' dir='ltr'><strong>edidit</strong></span> <span class='ocrx_word' id='word_1_85' title='bbox 463 1231 511 1267; x_wconf 87' lang='lat' dir='ltr'><strong>et</strong></span> <span class='ocrx_word' id='word_1_86' title='bbox 542 1221 679 1266; x_wconf 87' lang='lat' dir='ltr'><strong>latine</strong></span> <span class='ocrx_word' id='word_1_87' title='bbox 708 1219 874 1270; x_wconf 84' lang='lat' dir='ltr'><strong>vertit,</strong></span> <span class='ocrx_word' id='word_1_88' title='bbox 921 1220 1072 1262; x_wconf 77' lang='lat' dir='ltr'><strong>Lutet.</strong></span> <span class='ocrx_word' id='word_1_89' title='bbox 1104 1218 1232 1264; x_wconf 82' lang='lat' dir='ltr'><strong>Paris.</strong></span> <span class='ocrx_word' id='word_1_90' title='bbox 1272 1221 1407 1273; x_wconf 79' lang='lat'>1618.</span> <span class='ocrx_word' id='word_1_91' title='bbox 1447 1228 1488 1274; x_wconf 83' lang='lat'><strong>8,</strong></span> <span class='ocrx_word' id='word_1_92' title='bbox 1514 1231 1560 1269; x_wconf 78' lang='lat' dir='ltr'><strong>at</strong></span> 
     </span>
     <span class='ocr_line' id='line_1_15' title="bbox 293 1286 1561 1345; baseline -0.002 -9"><span class='ocrx_word' id='word_1_93' title='bbox 293 1291 446 1336; x_wconf 64' lang='lat' dir='ltr'><strong>audior</strong></span> <span class='ocrx_word' id='word_1_94' title='bbox 469 1303 598 1334; x_wconf 86' lang='lat' dir='ltr'><strong>verus</strong></span> <span class='ocrx_word' id='word_1_95' title='bbox 619 1287 706 1331; x_wconf 53' lang='lat' dir='ltr'><strong>fuit*</strong></span> <span class='ocrx_word' id='word_1_96' title='bbox 734 1286 1012 1345; x_wconf 77' lang='lat' dir='ltr'><strong>Aegyptius,</strong></span> <span class='ocrx_word' id='word_1_97' title='bbox 1053 1286 1250 1331; x_wconf 70' lang='lat' dir='ltr'><strong>incertae</strong></span> <span class='ocrx_word' id='word_1_98' title='bbox 1281 1290 1467 1343; x_wconf 82' lang='lat' dir='ltr'><strong>aetatis,</strong></span> <span class='ocrx_word' id='word_1_99' title='bbox 1511 1298 1561 1336; x_wconf 88' lang='lat' dir='ltr'><strong>et</strong></span> 
     </span>
     <span class='ocr_line' id='line_1_16' title="bbox 293 1352 1561 1418; baseline -0.001 -15"><span class='ocrx_word' id='word_1_100' title='bbox 293 1372 480 1418; x_wconf 88' lang='lat' dir='ltr'><strong>magnus</strong></span> <span class='ocrx_word' id='word_1_101' title='bbox 501 1352 848 1412; x_wconf 80' lang='lat' dir='ltr'><strong>chartophylax,</strong></span> <span class='ocrx_word' id='word_1_102' title='bbox 881 1354 956 1409; x_wconf 91' lang='lat' dir='ltr'><strong>qui</strong></span> <span class='ocrx_word' id='word_1_103' title='bbox 985 1354 1033 1394; x_wconf 87' lang='lat' dir='ltr'><strong>in</strong></span> <span class='ocrx_word' id='word_1_104' title='bbox 1054 1355 1216 1398; x_wconf 58' lang='lat' dir='ltr'><strong>MSSti‘s</strong></span> <span class='ocrx_word' id='word_1_105' title='bbox 1243 1357 1376 1400; x_wconf 82' lang='lat' dir='ltr'><strong>etiam</strong></span> <span class='ocrx_word' id='word_1_106' title='bbox 1393 1357 1561 1402; x_wconf 84' lang='lat' dir='ltr'><strong>dieitur</strong></span> 
     </span>
     <span class='ocr_line' id='line_1_17' title="bbox 292 1419 1561 1478; baseline 0.002 -10"><span class='ocrx_word' id='word_1_107' title='bbox 292 1420 558 1470; x_wconf 70' lang='lat' dir='ltr'><strong>Eumathius.</strong></span> <span class='ocrx_word' id='word_1_108' title='bbox 595 1421 816 1472; x_wconf 84' lang='lat' dir='ltr'><strong>Quasdam</strong></span> <span class='ocrx_word' id='word_1_109' title='bbox 834 1421 883 1463; x_wconf 89' lang='lat' dir='ltr'><strong>in</strong></span> <span class='ocrx_word' id='word_1_110' title='bbox 910 1419 1026 1463; x_wconf 85' lang='lat' dir='ltr'><strong>hunc</strong></span> <span class='ocrx_word' id='word_1_111' title='bbox 1052 1419 1317 1478; x_wconf 83' lang='lat' dir='ltr'><strong>scriptorem</strong></span> <span class='ocrx_word' id='word_1_112' title='bbox 1339 1427 1561 1470; x_wconf 85' lang='lat' dir='ltr'><strong>eroticum</strong></span> 
     </span>
     <span class='ocr_line' id='line_1_18' title="bbox 294 1484 1569 1548; baseline 0.002 -11"><span class='ocrx_word' id='word_1_113' title='bbox 294 1488 697 1540; x_wconf 78' lang='lat' dir='ltr'><strong>animaduersiones</strong></span> <span class='ocrx_word' id='word_1_114' title='bbox 719 1486 843 1548; x_wconf 87' lang='lat' dir='ltr'><strong>leges</strong></span> <span class='ocrx_word' id='word_1_115' title='bbox 863 1488 910 1531; x_wconf 88' lang='lat' dir='ltr'><strong>in</strong></span> <span class='ocrx_word' id='word_1_116' title='bbox 936 1487 1054 1531; x_wconf 81' lang='lat' dir='ltr'><strong>Nlisc.</strong></span> <span class='ocrx_word' id='word_1_117' title='bbox 1077 1484 1184 1532; x_wconf 84' lang='lat' dir='ltr'><strong>obss.</strong></span> <span class='ocrx_word' id='word_1_118' title='bbox 1209 1490 1299 1537; x_wconf 85' lang='lat' dir='ltr'><strong>vol.</strong></span> <span class='ocrx_word' id='word_1_119' title='bbox 1333 1493 1409 1537; x_wconf 73' lang='grc' dir='ltr'>ΙΙΙ,</span> <span class='ocrx_word' id='word_1_120' title='bbox 1447 1501 1569 1540; x_wconf 55' lang='lat' dir='ltr'><strong>tom.-</strong></span> 
     </span>
     <span class='ocr_line' id='line_1_19' title="bbox 301 1551 1571 1618; baseline 0 -13"><span class='ocrx_word' id='word_1_121' title='bbox 301 1574 340 1605; x_wconf 81' lang='lat'><strong>1.</strong></span> <span class='ocrx_word' id='word_1_122' title='bbox 363 1575 465 1618; x_wconf 87' lang='lat' dir='ltr'><strong>pag.</strong></span> <span class='ocrx_word' id='word_1_123' title='bbox 508 1569 775 1616; x_wconf 78' lang='lat' dir='ltr'><strong>loo—103.</strong></span> <span class='ocrx_word' id='word_1_124' title='bbox 808 1570 868 1588; x_wconf 47' lang='grc' dir='ltr'><strong>-ἴ</strong></span> <span class='ocrx_word' id='word_1_125' title='bbox 902 1551 1142 1599; x_wconf 83' lang='lat' dir='ltr'><strong>Nouiffima</strong></span> <span class='ocrx_word' id='word_1_126' title='bbox 1176 1557 1288 1604; x_wconf 84' lang='lat' dir='ltr'><strong>edit.</strong></span> <span class='ocrx_word' id='word_1_127' title='bbox 1322 1557 1383 1602; x_wconf 88' lang='lat' dir='ltr'><strong>est</strong></span> <span class='ocrx_word' id='word_1_128' title='bbox 1412 1568 1478 1618; x_wconf 81' lang='lat' dir='ltr'><strong>gr.</strong></span> <span class='ocrx_word' id='word_1_129' title='bbox 1513 1567 1571 1606; x_wconf 70' lang='lat' dir='ltr'><strong>eb·</strong></span> 
     </span>
     <span class='ocr_line' id='line_1_20' title="bbox 296 1619 1562 1680; baseline -0.004 -6"><span class='ocrx_word' id='word_1_130' title='bbox 296 1626 372 1674; x_wconf 70' lang='lat' dir='ltr'><strong>lat,</strong></span> <span class='ocrx_word' id='word_1_131' title='bbox 407 1626 495 1670; x_wconf 87' lang='lat' dir='ltr'><strong>fine</strong></span> <span class='ocrx_word' id='word_1_132' title='bbox 528 1625 672 1677; x_wconf 82' lang='lat' dir='ltr'><strong>notis,</strong></span> <span class='ocrx_word' id='word_1_133' title='bbox 740 1631 923 1667; x_wconf 89' lang='lat' dir='ltr'><strong>curante</strong></span> <span class='ocrx_word' id='word_1_134' title='bbox 955 1619 1113 1668; x_wconf 82' lang='lat' dir='ltr'><strong>Ludou.</strong></span> <span class='ocrx_word' id='word_1_135' title='bbox 1158 1621 1297 1670; x_wconf 75' lang='lat' dir='ltr'><strong>chr.</strong></span> <span class='ocrx_word' id='word_1_136' title='bbox 1337 1623 1562 1680; x_wconf 73' lang='lat' dir='ltr'><strong>Teuchero,</strong></span> 
     </span>
     <span class='ocr_line' id='line_1_21' title="bbox 231 1685 1561 1755; baseline -0.001 -17"><span class='ocrx_word' id='word_1_137' title='bbox 231 1711 234 1712; x_wconf 42' lang='lat'><em>⁷</em></span> <span class='ocrx_word' id='word_1_138' title='bbox 296 1693 463 1754; x_wconf 83' lang='lat' dir='ltr'><strong>Lipsiae</strong></span> <span class='ocrx_word' id='word_1_139' title='bbox 495 1705 634 1754; x_wconf 89' lang='lat'>1792.</span> <span class='ocrx_word' id='word_1_140' title='bbox 666 1697 712 1744; x_wconf 55' lang='lat'><strong>8⁶</strong></span> <span class='ocrx_word' id='word_1_141' title='bbox 751 1707 795 1736; x_wconf 62' lang='grc' dir='ltr'><strong>ν.»</strong></span> <span class='ocrx_word' id='word_1_142' title='bbox 814 1685 1010 1735; x_wconf 81' lang='lat' dir='ltr'><strong>Fabricii</strong></span> <span class='ocrx_word' id='word_1_143' title='bbox 1041 1693 1098 1738; x_wconf 57' lang='grc' dir='ltr'><strong>Β.»</strong></span> <span class='ocrx_word' id='word_1_144' title='bbox 1117 1692 1194 1738; x_wconf 80' lang='lat' dir='ltr'><strong>Gr.</strong></span> <span class='ocrx_word' id='word_1_145' title='bbox 1225 1691 1327 1737; x_wconf 90' lang='lat' dir='ltr'><strong>Vol.</strong></span> <span class='ocrx_word' id='word_1_146' title='bbox 1348 1694 1434 1755; x_wconf 42' lang='grc' dir='ltr'><strong>ΝἮ.</strong></span> <span class='ocrx_word' id='word_1_147' title='bbox 1457 1710 1561 1755; x_wconf 73' lang='lat' dir='ltr'><strong>pag.</strong></span> 
     </span>
    </p>
   </div>
   <div class='ocr_carea' id='block_1_3' title="bbox 296 1769 1562 1885">
    <p class='ocr_par' dir='ltr' id='par_1_3' title="bbox 296 1769 1562 1885">
     <span class='ocr_line' id='line_1_22' title="bbox 296 1769 1562 1885; baseline -0.009 -10"><span class='ocrx_word' id='word_1_148' title='bbox 296 1769 603 1872; x_wconf 67' lang='lat' dir='ltr'><strong>798i3iuersus</strong></span> <span class='ocrx_word' id='word_1_149' title='bbox 618 1840 798 1883; x_wconf 85' lang='lat' dir='ltr'><strong>quoque</strong></span> <span class='ocrx_word' id='word_1_150' title='bbox 823 1822 937 1883; x_wconf 87' lang='lat' dir='ltr'><strong>Eust</strong></span> <span class='ocrx_word' id='word_1_151' title='bbox 950 1840 975 1867; x_wconf 88' lang='lat' dir='ltr'><strong>a</strong></span> <span class='ocrx_word' id='word_1_152' title='bbox 987 1820 1042 1867; x_wconf 84' lang='lat' dir='ltr'><strong>th</strong></span> <span class='ocrx_word' id='word_1_153' title='bbox 1058 1825 1111 1866; x_wconf 83' lang='lat' dir='ltr'><strong>iu</strong></span> <span class='ocrx_word' id='word_1_154' title='bbox 1122 1839 1158 1881; x_wconf 79' lang='lat' dir='ltr'><strong>s,</strong></span> <span class='ocrx_word' id='word_1_155' title='bbox 1193 1815 1420 1885; x_wconf 63' lang='lat' dir='ltr'><strong>anteceff&#39;br</strong></span> <span class='ocrx_word' id='word_1_156' title='bbox 1441 1829 1562 1874; x_wconf 80' lang='lat' dir='ltr'><strong>Cpo.</strong></span> 
     </span>
    </p>
   </div>
   <div class='ocr_carea' id='block_1_4' title="bbox 296 1886 1672 1957">
    <p class='ocr_par' dir='ltr' id='par_1_4' title="bbox 296 1886 1672 1957">
     <span class='ocr_line' id='line_1_23' title="bbox 296 1886 1672 1957; baseline 0.001 -15"><span class='ocrx_word' id='word_1_157' title='bbox 296 1897 488 1950; x_wconf 73' lang='lat' dir='ltr'><strong>litanus5</strong></span> <span class='ocrx_word' id='word_1_158' title='bbox 519 1894 593 1952; x_wconf 76' lang='lat' dir='ltr'><strong>qui</strong></span> <span class='ocrx_word' id='word_1_159' title='bbox 623 1891 788 1955; x_wconf 70' lang='lat' dir='ltr'><strong>scripsit</strong></span> <span class='ocrx_word' id='word_1_160' title='bbox 806 1889 904 1957; x_wconf 63' lang='grc' dir='ltr'><strong>περὶ</strong></span> <span class='ocrx_word' id='word_1_161' title='bbox 928 1890 1012 1940; x_wconf 67' lang='grc' dir='ltr'><strong>τῶν</strong></span> <span class='ocrx_word' id='word_1_162' title='bbox 1032 1890 1235 1956; x_wconf 65' lang='grc' dir='ltr'><strong>χρονικῶν</strong></span> <span class='ocrx_word' id='word_1_163' title='bbox 1263 1886 1564 1957; x_wconf 54' lang='grc' dir='ltr'><strong>ὃιοιςημοὶτωνς</strong></span> <span class='ocrx_word' id='word_1_164' title='bbox 1590 1888 1594 1892; x_wconf 51' lang='grc'><strong>’</strong></span> <span class='ocrx_word' id='word_1_165' title='bbox 1663 1922 1672 1937; x_wconf 84' lang='lat'><strong>·</strong></span> 
     </span>
    </p>
   </div>
   <div class='ocr_carea' id='block_1_5' title="bbox 297 1960 1590 2629">
    <p class='ocr_par' dir='ltr' id='par_1_5' title="bbox 297 1960 1590 2629">
     <span class='ocr_line' id='line_1_24' title="bbox 297 1960 1563 2026; baseline 0 -18"><span class='ocrx_word' id='word_1_166' title='bbox 297 1961 350 2008; x_wconf 80' lang='lat' dir='ltr'><strong>de</strong></span> <span class='ocrx_word' id='word_1_167' title='bbox 375 1972 606 2026; x_wconf 84' lang='lat' dir='ltr'><strong>temporum</strong></span> <span class='ocrx_word' id='word_1_168' title='bbox 626 1960 876 2003; x_wconf 58' lang='lat' dir='ltr'><strong>interuallis</strong></span> <span class='ocrx_word' id='word_1_169' title='bbox 891 1993 903 2015; x_wconf 86' lang='lat'>,</span> <span class='ocrx_word' id='word_1_170' title='bbox 924 1961 1029 2015; x_wconf 71' lang='lat' dir='ltr'><strong>seu,</strong></span> <span class='ocrx_word' id='word_1_171' title='bbox 1063 1969 1112 2004; x_wconf 83' lang='lat' dir='ltr'><strong>vt</strong></span> <span class='ocrx_word' id='word_1_172' title='bbox 1133 1960 1269 2019; x_wconf 87' lang='lat' dir='ltr'><strong>vulgo</strong></span> <span class='ocrx_word' id='word_1_173' title='bbox 1295 1962 1563 2017; x_wconf 82' lang='lat' dir='ltr'><strong>inscribitur,</strong></span> 
     </span>
     <span class='ocr_line' id='line_1_25' title="bbox 297 2023 1560 2090; baseline -0.004 -14"><span class='ocrx_word' id='word_1_174' title='bbox 297 2030 349 2076; x_wconf 83' lang='lat' dir='ltr'><strong>de</strong></span> <span class='ocrx_word' id='word_1_175' title='bbox 375 2028 547 2087; x_wconf 77' lang='lat' dir='ltr'><strong>diuersis</strong></span> <span class='ocrx_word' id='word_1_176' title='bbox 567 2023 865 2090; x_wconf 74' lang='lat' dir='ltr'><strong>temporalibus</strong></span> <span class='ocrx_word' id='word_1_177' title='bbox 884 2024 1326 2090; x_wconf 70' lang='lat' dir='ltr'><strong>praescriptionibus:</strong></span> <span class='ocrx_word' id='word_1_178' title='bbox 1388 2032 1435 2075; x_wconf 89' lang='lat' dir='ltr'><strong>in</strong></span> <span class='ocrx_word' id='word_1_179' title='bbox 1468 2047 1560 2089; x_wconf 90' lang='lat' dir='ltr'><strong>quo</strong></span> 
     </span>
     <span class='ocr_line' id='line_1_26' title="bbox 298 2095 1556 2153; baseline -0.001 -8"><span class='ocrx_word' id='word_1_180' title='bbox 298 2099 421 2145; x_wconf 87' lang='lat' dir='ltr'><strong>libro.</strong></span> <span class='ocrx_word' id='word_1_181' title='bbox 437 2100 587 2142; x_wconf 86' lang='lat' dir='ltr'><strong>omnia</strong></span> <span class='ocrx_word' id='word_1_182' title='bbox 611 2096 890 2141; x_wconf 78' lang='lat' dir='ltr'><strong>diuersorum</strong></span> <span class='ocrx_word' id='word_1_183' title='bbox 911 2104 1117 2153; x_wconf 85' lang='lat' dir='ltr'><strong>tempora</strong></span> <span class='ocrx_word' id='word_1_184' title='bbox 1153 2095 1382 2141; x_wconf 84' lang='lat' dir='ltr'><strong>interualla</strong></span> <span class='ocrx_word' id='word_1_185' title='bbox 1413 2113 1436 2142; x_wconf 90' lang='lat' dir='ltr'><strong>a</strong></span> <span class='ocrx_word' id='word_1_186' title='bbox 1456 2113 1556 2144; x_wconf 87' lang='lat' dir='ltr'><strong>mo-</strong></span> 
     </span>
     <span class='ocr_line' id='line_1_27' title="bbox 299 2165 1561 2227; baseline -0.001 -14"><span class='ocrx_word' id='word_1_187' title='bbox 299 2175 458 2213; x_wconf 87' lang='lat' dir='ltr'><strong>mento</strong></span> <span class='ocrx_word' id='word_1_188' title='bbox 478 2179 614 2223; x_wconf 80' lang='lat' dir='ltr'><strong>Vsque</strong></span> <span class='ocrx_word' id='word_1_189' title='bbox 639 2165 692 2208; x_wconf 87' lang='lat' dir='ltr'><strong>ad</strong></span> <span class='ocrx_word' id='word_1_190' title='bbox 715 2174 896 2209; x_wconf 87' lang='lat' dir='ltr'><strong>centum</strong></span> <span class='ocrx_word' id='word_1_191' title='bbox 917 2177 1140 2206; x_wconf 85' lang='lat' dir='ltr'><strong>annorum</strong></span> <span class='ocrx_word' id='word_1_192' title='bbox 1163 2165 1561 2227; x_wconf 77' lang='lat' dir='ltr'><strong>praescriptionem</strong></span> 
     </span>
     <span class='ocr_line' id='line_1_28' title="bbox 301 2229 1566 2292; baseline -0.002 -12"><span class='ocrx_word' id='word_1_193' title='bbox 301 2251 356 2280; x_wconf 81' lang='lat' dir='ltr'><strong>ex</strong></span> <span class='ocrx_word' id='word_1_194' title='bbox 377 2236 472 2278; x_wconf 91' lang='lat' dir='ltr'><strong>iure</strong></span> <span class='ocrx_word' id='word_1_195' title='bbox 493 2232 760 2276; x_wconf 76' lang='lat' dir='ltr'><strong>iustinianeo</strong></span> <span class='ocrx_word' id='word_1_196' title='bbox 787 2233 952 2290; x_wconf 80' lang='lat' dir='ltr'><strong>pariter</strong></span> <span class='ocrx_word' id='word_1_197' title='bbox 972 2246 1020 2273; x_wconf 89' lang='lat' dir='ltr'><strong>ac</strong></span> <span class='ocrx_word' id='word_1_198' title='bbox 1041 2244 1092 2273; x_wconf 82' lang='lat' dir='ltr'><strong>ex</strong></span> <span class='ocrx_word' id='word_1_199' title='bbox 1129 2229 1308 2275; x_wconf 80' lang='lat' dir='ltr'><strong>ssafilicis</strong></span> <span class='ocrx_word' id='word_1_200' title='bbox 1341 2233 1566 2292; x_wconf 79' lang='lat' dir='ltr'><strong>persequi·</strong></span> 
     </span>
     <span class='ocr_line' id='line_1_29' title="bbox 301 2293 1560 2348; baseline -0.002 -1"><span class='ocrx_word' id='word_1_201' title='bbox 301 2311 392 2348; x_wconf 85' lang='lat' dir='ltr'><strong>tur.</strong></span> <span class='ocrx_word' id='word_1_202' title='bbox 409 2302 580 2346; x_wconf 76' lang='lat' dir='ltr'><strong>‘Editus</strong></span> <span class='ocrx_word' id='word_1_203' title='bbox 609 2299 668 2344; x_wconf 85' lang='lat' dir='ltr'><strong>est</strong></span> <span class='ocrx_word' id='word_1_204' title='bbox 689 2298 860 2343; x_wconf 83' lang='lat' dir='ltr'><strong>libellus</strong></span> <span class='ocrx_word' id='word_1_205' title='bbox 887 2311 909 2341; x_wconf 81' lang='lat' dir='ltr'><strong>a·</strong></span> <span class='ocrx_word' id='word_1_206' title='bbox 932 2298 1093 2341; x_wconf 80' lang='lat' dir='ltr'><strong>Simone</strong></span> <span class='ocrx_word' id='word_1_207' title='bbox 1113 2293 1316 2340; x_wconf 80' lang='lat' dir='ltr'><strong>Schardio</strong></span> <span class='ocrx_word' id='word_1_208' title='bbox 1343 2316 1425 2343; x_wconf 87' lang='lat' dir='ltr'><strong>vna</strong></span> <span class='ocrx_word' id='word_1_209' title='bbox 1459 2317 1560 2346; x_wconf 88' lang='lat' dir='ltr'><strong>cum</strong></span> 
     </span>
     <span class='ocr_line' id='line_1_30' title="bbox 301 2363 1564 2429; baseline -0.002 -15"><span class='ocrx_word' id='word_1_210' title='bbox 301 2371 493 2429; x_wconf 85' lang='lat' dir='ltr'><strong>Legibus</strong></span> <span class='ocrx_word' id='word_1_211' title='bbox 518 2369 699 2412; x_wconf 83' lang='lat' dir='ltr'><strong>nauticis</strong></span> <span class='ocrx_word' id='word_1_212' title='bbox 720 2378 767 2411; x_wconf 87' lang='lat' dir='ltr'><strong>et</strong></span> <span class='ocrx_word' id='word_1_213' title='bbox 789 2366 969 2417; x_wconf 74' lang='lat' dir='ltr'><strong>rusticis,</strong></span> <span class='ocrx_word' id='word_1_214' title='bbox 1007 2363 1124 2408; x_wconf 79' lang='lat' dir='ltr'><strong>ssafil.</strong></span> <span class='ocrx_word' id='word_1_215' title='bbox 1157 2366 1291 2421; x_wconf 75' lang='lat'>156-1.</span> <span class='ocrx_word' id='word_1_216' title='bbox 1323 2372 1364 2418; x_wconf 85' lang='lat'><strong>8.</strong></span> <span class='ocrx_word' id='word_1_217' title='bbox 1420 2369 1464 2411; x_wconf 85' lang='lat' dir='ltr'><strong>in</strong></span> <span class='ocrx_word' id='word_1_218' title='bbox 1491 2368 1564 2411; x_wconf 73' lang='lat' dir='ltr'><strong>Le-</strong></span> 
     </span>
     <span class='ocr_line' id='line_1_31' title="bbox 302 2433 1563 2495; baseline 0.002 -17"><span class='ocrx_word' id='word_1_219' title='bbox 302 2437 491 2479; x_wconf 77' lang='lat' dir='ltr'><strong>unclauii</strong></span> <span class='ocrx_word' id='word_1_220' title='bbox 512 2438 606 2480; x_wconf 84' lang='lat' dir='ltr'><strong>iure</strong></span> <span class='ocrx_word' id='word_1_221' title='bbox 628 2449 1022 2495; x_wconf 63' lang='lat' dir='ltr'><strong>graeco-romaum</strong></span> <span class='ocrx_word' id='word_1_222' title='bbox 1072 2448 1140 2491; x_wconf 81' lang='lat' dir='ltr'><strong>gr.</strong></span> <span class='ocrx_word' id='word_1_223' title='bbox 1178 2433 1224 2477; x_wconf 75' lang='lat' dir='ltr'><strong>et</strong></span> <span class='ocrx_word' id='word_1_224' title='bbox 1250 2433 1324 2479; x_wconf 84' lang='lat' dir='ltr'><strong>lat.</strong></span> <span class='ocrx_word' id='word_1_225' title='bbox 1353 2449 1453 2478; x_wconf 87' lang='lat' dir='ltr'><strong>cum</strong></span> <span class='ocrx_word' id='word_1_226' title='bbox 1481 2451 1563 2480; x_wconf 90' lang='lat' dir='ltr'><strong>no-</strong></span> 
     </span>
     <span class='ocr_line' id='line_1_32' title="bbox 302 2495 1564 2563; baseline -0.002 -16"><span class='ocrx_word' id='word_1_227' title='bbox 302 2506 374 2557; x_wconf 82' lang='lat' dir='ltr'><strong>tis,</strong></span> <span class='ocrx_word' id='word_1_228' title='bbox 410 2507 607 2547; x_wconf 78' lang='lat' dir='ltr'><strong>Francos.</strong></span> <span class='ocrx_word' id='word_1_229' title='bbox 641 2504 774 2559; x_wconf 76' lang='lat'><em>1596.</em></span> <span class='ocrx_word' id='word_1_230' title='bbox 801 2502 880 2546; x_wconf 79' lang='lat' dir='ltr'><strong>fol.</strong></span> <span class='ocrx_word' id='word_1_231' title='bbox 918 2525 978 2533; x_wconf 89' lang='lat'><strong>—-</strong></span> <span class='ocrx_word' id='word_1_232' title='bbox 1012 2501 1057 2543; x_wconf 87' lang='lat' dir='ltr'><strong>in</strong></span> <span class='ocrx_word' id='word_1_233' title='bbox 1081 2495 1230 2555; x_wconf 72' lang='lat' dir='ltr'><em>Chmst.</em></span> <span class='ocrx_word' id='word_1_234' title='bbox 1261 2496 1564 2563; x_wconf 74' lang='lat' dir='ltr'><strong>ll&#39;oldenbergit&#39;</strong></span> 
     </span>
     <span class='ocr_line' id='line_1_33' title="bbox 303 2568 1590 2629; baseline 0 -12"><span class='ocrx_word' id='word_1_235' title='bbox 303 2571 360 2617; x_wconf 89' lang='lat' dir='ltr'><strong>de</strong></span> <span class='ocrx_word' id='word_1_236' title='bbox 385 2573 580 2615; x_wconf 85' lang='lat' dir='ltr'><strong>numeris</strong></span> <span class='ocrx_word' id='word_1_237' title='bbox 606 2572 835 2626; x_wconf 76' lang='lat' dir='ltr'><strong>Vtriusque</strong></span> <span class='ocrx_word' id='word_1_238' title='bbox 855 2570 959 2612; x_wconf 87' lang='lat' dir='ltr'><strong>iuris</strong></span> <span class='ocrx_word' id='word_1_239' title='bbox 999 2568 1134 2621; x_wconf 78' lang='lat' dir='ltr'><strong>libro,</strong></span> <span class='ocrx_word' id='word_1_240' title='bbox 1189 2571 1387 2617; x_wconf 78' lang='lat' dir='ltr'><strong>Francof,</strong></span> <span class='ocrx_word' id='word_1_241' title='bbox 1418 2570 1560 2629; x_wconf 85' lang='lat'>1670.</span> <span class='ocrx_word' id='word_1_242' title='bbox 1580 2604 1590 2610; x_wconf 83' lang='lat'><strong>.-</strong></span> 
     </span>
    </p>
   </div>
   <div class='ocr_carea' id='block_1_6' title="bbox 1514 2652 1565 2698">
    <p class='ocr_par' dir='ltr' id='par_1_6' title="bbox 1514 2652 1565 2698">
     <span class='ocr_line' id='line_1_34' title="bbox 1514 2652 1565 2698; baseline 0 -12"><span class='ocrx_word' id='word_1_243' title='bbox 1514 2652 1565 2698; x_wconf 82' lang='lat'><strong>4.</strong></span> 
     </span>
    </p>
   </div>
  </div>
 </body>
</html>
