1640 3030
478 240 724 288 IOANNES
749 238 1059 288 CINNAMV5:
1297 257 1393 307 509

135 362 334 412 Glossarii
357 382 379 410 a
404 367 532 412 Suida
553 367 831 415 denominati
854 363 1006 412 indole
1031 373 1080 413 et
1107 366 1271 426 pretio,
1299 370 1391 414 Ha-

132 435 201 480 lae
229 435 434 498 Magdeb.
471 436 612 494 1761.
639 452 686 497 4.
721 434 848 478 Saxii
868 437 956 481 On.
981 437 1034 480 11.
1067 451 1111 494 p.
1146 449 1240 494 ¹54
1263 434 1357 493 sqq.

719 603 727 613 .
762 583 814 614 12
856 602 868 615 .

454 574 716 710 IOANNEg
753 580 1079 710 ClglNAMVs.

245 782 287 818 ι.
319 772 459 817 Natus
484 770 582 829 post
604 786 641 816 a.
667 772 717 817 C.
747 784 762 814 1
781 786 886 832 143.
918 772 965 815 in
995 772 1105 826 viuis
1131 768 1278 817 ‘adhuc
1308 769 1397 827 fuit

143 850 159 881 1
177 843 283 894 183.
314 842 465 897 Atque
482 839 645 881 Saxius
677 841 723 897 iq
746 840 835 885 On.
861 841 913 884 II.
934 855 1035 899 pag.
1074 843 1167 898 265
1199 843 1291 885 eius
1308 856 1402 892 -no-¹

134 904 264 949 minis
287 904 532 951 claritatem
553 910 694 951 refert
710 905 765 950 ad
785 922 824 951 a.
845 908 897 952 C.
927 921 941 950 1
961 919 1070 964 177.

178 1024 181 1026 ·
236 1022 282 1055 2.
308 1008 628 1055 Grammaticus
659 998 927 1063 Βαᾰιλικὲς,
979 1003 1021 1055 h.
1049 1022 1086 1061 e.
1122 1013 1321 1061 notarius
1349 1012 1400 1057 in

134 1074 230 1123 aula
254 1075 645 1135 Constantinopol.
670 1086 720 1121 et
745 1078 948 1122 interfuit
983 1069 1265 1135 imperatoris
1305 1081 1398 1123 Ma-

134 1143 277 1190 nuelis
313 1146 536 1190 Comneni
569 1145 952 1200 expeditionibus,
1022 1161 1126 1203 quas
1162 1150 1401 1192 enarrauit.

136 1211 172 1254 A
198 1212 374 1256 dicendi
395 1225 566 1271 genere
589 1210 817 1264 laudatur,
854 1221 901 1256 et
924 1212 1279 1270 Xenophontem
1303 1215 1402 1258 imi-

133 1286 305 1324 taturus
326 1280 518 1323 videtum

99 1382 103 1387 ’
240 1394 285 1442 3.
323 1378 526 1428 Cinnami
551 1382 610 1426 de
629 1377 761 1433 rebus
783 1377 913 1443 gestis
937 1383 1261 1441 imperatorum
1280 1384 1400 1431 Con·

137 1449 372 1507 stantinop.
392 1452 568 1494 Ioannis
595 1460 643 1495 et
667 1449 904 1506 Nlanuelis,
951 1443 1314 1511 Cornnenoru'm,
1343 1454 1408 1498 li-.

137 1519 206 1561 bri
230 1520 307 1563 IV
333 1516 550 1560 Cornelius
579 1515 732 1566 Tollius
754 1519 919 1575 primus
942 1519 1109 1571 edidit,
1141 1523 1291 1569 vertit
1328 1536 1399 1565 ca-

137 1583 336 1644 stigauit‚
371 1584 560 1629 Traieffl
583 1586 638 1629 ad
657 1583 800 1628 Rhen
839 1585 976 1642 1652.-
1000 1600 1058 1642 4
1077 1609 1136 1619 --
1192 1589 1412 1635 (Σὶειῃειηιὶ

136 1676 203 1687 --
234 1648 512 1696 historiarum
531 1651 628 1698 libr.
650 1651 723 1696 VI.
744 1661 845 1696 cum
872 1655 990 1698 notis
1013 1652 1225 1698 histor-icis
1240 1665 1287 1700 et
1300 1656 1400 1713 phi-

136 1718 341 1778 lologicis
370 1718 514 1761 Caroli
533 1715 588 1760 du
613 1718 799 1761 Fresne
789 1734 835 1762 m
867 1719 1025 1776 illumi.
1064 1729 1172 1767 tum.
1198 1723 1244 1766 in
1265 1726 1398 1767 Nice·

136 1786 332 1844 phorum
364 1783 449 1849 Bry
452 1787 635 1830 ennium
676 1790 724 1831 et
754 1788 926 1830 Annam
954 1788 1259 1847 Comnenam,
1303 1799 1395 1838 etc.

136 1855 265 1898 Pari-s.
293 1853 430 1911 1670.
454 1853 533 1901 fol.
568 1851 705 1904 'rollii
724 1859 898 1899 tantum
928 1852 1070 1898 verfio
1090 1851 1223 1900 latina
1245 1870 1398 1902 emen·
1431 1908 1433 1912 Α

137 1921 261 1970 data,
297 1927 344 1966 et
365 1933 476 1979 opus
492 1921 732 1970 secundum
757 1915 1063 1973 cod.thican.
1090 1925 1136 1967 in
1164 1924 1234 1970 sex
1259 1925 1397 1969 libros

138 1988 328 2032 diuisum
351 1987 424 2032 est.
458 2006 524 2022 ⁶—-
559 2003 649 2034 rec.
675 1990 723 2032 in
746 1988 856 2035 edit.
888 1988 1045 2032 Veneta
1077 1995 1276 2049 corporis
1313 1997 1398 2053 ssy-

138 2064 258 2104 zant
284 2067 415 2114 1729.
441 2054 520 2099 fol.

239 2202 284 2246 4
320 2181 516 2231 Fabricii
541 2190 586 2233 B.
614 2190 690 2236 Gr.
726 2181 833 2236 Vol.
863 2185 939 2234 VI.
974 2206 1073 2252 pag.
1111 2190 1217 2260 396,
1264 2186 1401 2236 Ham-

140 2247 309 2319 bergeri
329 2258 385 2302 Z
400 2258 455 2304 N.
479 2255 581 2305 Vol
605 2258 678 2302 lv.
696 2273 797 2320 pag.
821 2271 940 2319 273
965 2258 1026 2330 sq.
