1686 3025
332 229 451 317 464-
819 249 943 300 PHo
954 251 1097 302 TJVS

331 396 387 427 ro
419 382 579 433 Dano,
614 376 788 436 accepit
818 375 1072 435 exemplum
1107 377 1209 426 cod.
1232 375 1592 437 vindobonensis
1665 412 1668 417 ,

329 450 377 494 in
417 464 507 507 quo
551 463 641 492 vno
685 445 855 490 seruata
890 445 950 489 est
982 445 1175 502 quaestio
1212 447 1397 491 decima.
1464 448 1590 492 Idem
1657 463 1668 509 ς

327 516 524 562 Fontani
545 515 599 561 V.
624 517 680 560 D.
709 511 931 572 praemisit
953 517 1384 559 commentationem
1402 502 1461 558 de
1472 513 1590 558 Pho-

328 586 397 629 tio
430 584 616 642 eiusque
650 581 847 639 scriptis,
883 595 1088 641 magnam
1121 590 1295 639 partem
1320 597 1374 626 ex
1401 580 1617 626 Hanckii'
1655 621 1658 625 ,

326 651 446 696 Isbro
481 650 539 696 de
559 649 727 712 graecis
752 662 905 694 rerum
929 649 1587 709 Byzantinarumscriptofibus

325 719 633 843 duthmAdde
672 782 920 827 Hanckium
959 784 1018 829 de
1052 785 1226 842 Byzant.
1251 798 1340 829 rer.
1366 784 1585 842 scriptor.

324 855 447 898 Part.
484 855 519 901 Ι
555 868 649 911 cap.
690 860 762 902 18.
795 857 835 906 §-
868 867 907 911 3.
940 867 1040 912 pag.
1081 851 1193 910 269.
1213 875 1278 884 ·-
1347 848 1548 911 Gedyn'
1536 866 1585 897 m

322 923 515 966 Memor.
547 921 683 966 Acad.
710 919 840 964 Paris,
863 920 994 966 Inscr.
1019 926 1103 965 etc.
1127 918 1215 964 vol.
1238 921 1376 964 XIIII.
1398 933 1442 978 p.
1474 918 1584 977 ¹79·

319 988 415 1048 sqq.
443 996 638 1046 quatuor
657 986 808 1032 Photii
826 986 1059 1045 particulas
1082 988 1272 1032 francice
1295 988 1402 1032 fecit
1425 995 1477 1033 et
1499 1002 1585 1031 no-

319 1058 379 1102 tis
418 1055 651 1102 instruxit:
682 1055 781 1103 add.
815 1070 861 1111 p.
904 1067 1014 1114 235.
1040 1055 1133 1112 sqq.
1158 1062 1206 1100 et
1224 1052 1314 1099 vol.
1334 1055 1448 1099 XVI.
1479 1070 1583 1114 pag.

318 1131 401 1182 98.
423 1123 486 1181 sq.
517 1124 623 1167 duas
646 1121 746 1165 alias
769 1120 867 1177 post
888 1123 1066 1165 obitum
1088 1120 1203 1165 illius
1221 1122 1269 1164 in
1294 1121 1492 1166 Oeuvres
1518 1123 1584 1166 di-

317 1190 494 1241 uerses,
533 1197 620 1234 etc.
657 1189 776 1231 Paris
803 1199 944 1244 1745.
979 1199 1118 1231 12.—
1199 1185 1402 1232 Bracker.
1427 1188 1582 1233 histor.

316 1257 418 1302 crit.
452 1255 612 1314 philos.
641 1256 775 1298 Torn.
811 1254 887 1298 ΙΙΙ.
925 1268 1024 1313 pag.
1059 1267 1172 1312 540.
1195 1275 1263 1287 -
1332 1253 1504 1299 Histoir
1524 1256 1582 1300 de

312 1323 532 1383 Photius‚
578 1320 832 1377 Patriarche
874 1320 1185 1380 schismatique
1228 1322 1287 1383 de
1328 1321 1582 1369 Constanti-

313 1390 480 1450 nopel,
514 1406 593 1450 pax·
624 1389 667 1435 le
689 1392 737 1435 P.
760 1387 814 1437 L.
834 1391 899 1436 H.
920 1392 965 1434 F.
1023 1390 1160 1436 Paris.
1189 1401 1330 1448 1772.
1359 1396 1399 1442 8.
1421 1393 1580 1437 anctor

311 1462 476 1506 acerbe
502 1456 674 1518 scripfit
695 1466 853 1503 contra
865 1455 1092 1510 Photium‚
1115 1456 1349 1516 (quoniam
1369 1456 1440 1502 hic
1463 1474 1580 1516 pon·

311 1526 425 1575 t‘ifici
455 1542 646 1572 romano
683 1523 902 1582 restitit‚)
938 1533 987 1571 et
1016 1524 1155 1571 multa
1189 1524 1373 1584 reliquit
1397 1524 1578 1587 vestigia
1651 1546 1654 1548 ’

310 1597 409 1642 odii
440 1604 576 1654 atque
608 1592 907 1655 malignitatis.
976 1594 1107 1638 Adde
1138 1588 1268 1638 fabr.
1304 1596 1349 1640 B.
1380 1594 1458 1639 Gr.
1481 1593 1603 1651 vol..
1651 1633 1654 1638 .

309 1665 392 1712 IV.
417 1678 516 1724 pag.
540 1675 655 1723 253.
679 1662 773 1720 sqq.
797 1663 905 1707 edit.
932 1672 1044 1708 nou.
1071 1660 1222 1706 histor.
1245 1661 1363 1706 acad.
1387 1662 1516 1706 Paris.
1539 1663 1575 1708 1.

310 1739 360 1778 et
399 1734 446 1776 B.
484 1733 534 1775 L.
566 1729 670 1777 Vol.
704 1728 825 1776 VIII.
861 1745 961 1790 pag.
989 1741 1094 1789 137.
1122 1744 1175 1773 ex
1196 1729 1311 1774 vers.
1337 1728 1575 1775 Gottsche-

306 1801 435 1854 diae;
468 1796 600 1842 Saxiz·
631 1797 719 1844 On.
748 1797 804 1842 11.
835 1812 939 1858 pag.
971 1808 1076 1843 121.
1100 1796 1159 1856 sq.
1180 1804 1228 1842 et
1250 1798 1298 1840 in
1322 1795 1448 1843 Anal.
1468 1812 1572 1858 pag.

309 1882 376 1930 54
415 1949 459 1995 ς.
480 1934 634 1981 Photii
660 1930 898 1990 discipulus
922 1932 1006 1978 fuit
1041 1927 1291 1975 Michael
1319 1927 1572 1990 Psellus,

305 2005 478 2060 maior,
509 2018 565 2048 ex
602 2001 759 2045 Andro
795 1998 933 2044 insula
957 2008 1086 2045 ortus
1098 2014 1113 2056 3
1148 2001 1223 2056 qui
1250 2000 1429 2057 quando
1457 1997 1572 2046 Leo-

303 2075 373 2119 nis
405 2073 481 2117 VI.
549 2070 790 2127 Sapientis,
826 2068 1052 2127 Byzantini
1087 2066 1236 2125 postea
1271 2068 1570 2125 imperatoris,

300 2134 510 2201 magister
534 2140 588 2182 ab
606 2135 770 2182 Allatio
796 2134 978 2195 aliisque
993 2135 1169 2190 dicitur,
1190 2133 1395 2179 Leonem
1408 2133 1572 2192 Byzan-

302 2210 422 2256 tium
458 2204 805 2264 Philosophum,
853 2206 972 2248 cuius
1024 2204 1230 2265 magister
1276 2211 1372 2247 erat
1403 2202 1567 2249 Psellus

302 2278 476 2328 senior,
511 2288 613 2318 cum
649 2275 802 2317 Leone
837 2272 1058 2329 sapiente,
1104 2271 1252 2317 Photii
1282 2269 1566 2320 institutione
1649 2253 1665 2327 s

299 2346 402 2395 vso.
431 2341 677 2401 confundi,
711 2341 848 2384 docet
878 2339 1119 2401 Zepernick.
1154 2341 1208 2384 ad
1239 2335 1372 2384 Beck.
1399 2338 1457 2383 de
1482 2353 1566 2382 no-

301 2411 428 2459 uellis
460 2409 632 2454 Leonis
669 2418 754 2454 etc.
788 2415 886 2454 not.
922 2422 1021 2465 pag.
1049 2423 1131 2483 49
1161 2415 1207 2452 et
1235 2421 1335 2466 pag.
1371 2419 1482 2463 241
1504 2407 1563 2450 de
1653 2421 1655 2427 ¹

298 2480 380 2526 illo
417 2478 622 2536 copiosus
662 2476 722 2520 est
746 2475 819 2518 Leo
839 2473 1027 2517 Allatzus
1045 2476 1092 2519 in
1114 2475 1303 2521 diatribe
1326 2474 1384 2518 de
1413 2472 1562 2517 Psellis
1650 2520 1651 2537 Χ

291 2550 348 2603 ‘iu
371 2541 631 2593 Fabriciiss.
654 2545 732 2592 Gr.
755 2541 847 2594 vol.
871 2544 923 2589 V.
949 2557 1051 2603 pag.
1076 2558 1099 2589 2
1125 2573 1176 2584 ...-
1208 2555 1280 2602 14.
1345 2542 1388 2585 Is
1413 2549 1563 2653 pinta,
1652 2534 1655 2594 J

1472 2623 1558 2654 unc
1651 2623 1652 2626 ¹
