1686 3025
276 259 376 310 352-
744 236 1073 286 HEsrCHIVS.

273 364 385 421 tam,
422 368 675 427 probatque
702 363 896 410 Bentleii
917 363 1200 420 sententiam
1233 359 1391 425 gloffas
1413 363 1542 422 bibli-

274 452 368 490 cas,
404 452 515 513 quae
547 433 697 477 ordini
732 431 871 477 hodie
906 442 1162 492 repugnant
1208 446 1264 476 ex
1310 420 1542 494 archetypi

271 520 361 550 ma
350 506 476 565 cgine
502 518 525 545 a
547 502 683 545 scriba
704 499 992 561 negligenter
1018 501 1066 543 in
1091 507 1263 545 textum
1297 496 1384 545 effe
1417 517 1542 546 rece-

268 585 384 632 ptas,
450 570 574 614 Idem
599 567 882 625 persequitur
904 577 951 612 et
972 567 1171 628 indagat
1179 569 1401 627 originem
1425 570 1544 613 addi-

273 645 518 685 tamentor.
544 631 844 694 etgloffarum
868 633 974 680 bibl.
1042 637 1199 693 Neque
1214 635 1544 682 tarnenEmesti

271 708 320 752 in
350 703 620 749 bibliotheca
644 700 784 747 theol
811 701 913 748 Vol.
938 703 1032 747 VII
1057 711 1168 760 part.
1196 701 1248 748 ΙΙ
1273 719 1316 761 p
1347 717 1450 760 130.
1465 704 1541 764 sq.

268 788 439 835 negare
462 771 617 823 audet,
652 769 926 826 Hesychium
963 767 1088 814 fuisse
1113 769 1406 815 christianum.
1520 798 1522 800 -

345 853 388 897 3.
423 841 635 896 Princeps
673 838 742 882 ed.
777 837 839 882 est
863 837 1051 893 Aldina,
1085 840 1285 883 Vene'tiis
1310 837 1544 894 15r4.'cu-·

270 918 402 954 rante
429 910 582 952 Marco
607 906 806 958 Nlusuro‚
844 903 948 950 basis
977 905 1264 963 reliquarum,
1297 922 1341 952 n.
1365 905 1541 950 Floren-

270 980 497 1034 tinaezper
522 973 712 1018 heredes
745 968 935 1030 Philippi
967 976 1123 1018 Iuntae
1167 987 1305 1030 1520.
1335 972 1410 1017 fol.
1436 989 1539 1019 cura

268 1041 460 1093 Antonii
493 1041 726 1093 Francini,
789 1038 1079 1093 varchienfis,
1128 1048 1226 1085 tum
1272 1040 1538 1101 Hagenoens.

265 1113 489 1172 (quorum
511 1109 725 1168 quaedam
750 1106 950 1164 exempla
973 1107 1156 1153 titulum
1171 1107 1340 1153 habent
1363 1108 1543 1170 longio-

268 1183 402 1237 rem),
425 1192 539 1236 quae
564 1175 625 1220 est
655 1175 916 1226 comedumt,
960 1187 1098 1230 1521.
1133 1173 1215 1221 fol.
1286 1172 1543 1220 Schreuelia-

266 1262 350 1293 nae
374 1259 476 1291 cum
495 1243 615 1287 notis
640 1240 886 1286 multorum
901 1239 1138 1284 dodorum
1151 1240 1401 1300 hominum,
1429 1259 1542 1301 quae

267 1315 330 1361 est
355 1311 485 1359 valde
507 1309 679 1362 vitiosa,
715 1309 856 1368 Lugd.
879 1310 926 1352 Β.
954 1308 1095 1358 1668.
1121 1322 1169 1366 4.
1198 1331 1264 1344 -—
1301 1308 1344 1367 *)
1417 1312 1545 1369 Opti.

268 1399 344 1429 ma
369 1380 429 1426 est
451 1387 499 1425 et
517 1372 854 1435 locupletissima
875 1373 910 1420 Ι.
932 1370 1100 1419 Albertz·
1126 1391 1228 1420 cum
1246 1379 1367 1422 notis
1380 1391 1542 1440 graece

267 1445 621 1497 dodiiffimorurn
656 1443 892 1488 hominum
923 1442 1186 1502 permultis,
1221 1449 1356 1493 Tom.
1394 1450 1420 1489 l.
1460 1445 1537 1492 fol.

265 1518 414 1578 Lugd.
436 1518 534 1560 Bat.
568 1515 705 1571 1746.
733 1514 865 1556 Tom.
887 1514 941 1556 11.
965 1511 1062 1570 post
1093 1521 1290 1557 mortem
1318 1512 1493 1560 Alberti
1515 1530 1540 1560 a

263 1583 540 1634 Ruhnkenio
570 1582 752 1625 demum
786 1588 934 1625 curata
966 1588 1015 1626 et
1058 1579 1256 1625 absoluta
1289 1582 1351 1626 ib.
1397 1581 1537 1638 1766.

261 1657 497 1706 Quantum
537 1658 687 1694 autem
719 1648 991 1692 auotoritatis
1037 1645 1232 1705 fideique
1271 1647 1540 1693 leffionibus

261 1721 418 1768 multis
440 1720 569 1776 saepe
590 1715 642 1761 fit
667 1716 921 1770 tribuenda,
958 1729 1088 1770 quam
1109 1715 1235 1772 saepe
1269 1717 1351 1760 viri
1376 1717 1537 1762 doetis-

264 1789 363 1835 suni
385 1790 431 1831 iu
453 1784 727 1844 corrigendo
755 1785 815 1826 'et
845 1780 1122 1826 restituendo
1154 1780 1534 1846 quafi'Hesychio

265 1856 557 1903 frustraneam
567 1851 798 1910 posuerint
811 1863 1012 1907 operam,
1023 1848 1160 1895 velex
1177 1865 1234 1893 eo
1246 1859 1387 1909 patet,
1410 1853 1533 1910 quod

264 1924 475 1972 Musurus
497 1935 550 1965 ex
575 1920 724 1972 vnico,
766 1919 841 1975 qui
866 1916 1075 1974 superest,
1112 1927 1159 1962 et
1183 1916 1320 1963 hodie
1343 1918 1534 1964 custodi-

265 1978 345 2039 tur
371 1993 419 2035 in
443 1987 550 2034 bibl,
573 1989 749 2032 Veneta
773 1987 831 2031 D.
855 1986 1008 2038 lVlarci,
1038 1986 1223 2038 codice,
1268 2002 1416 2045 eoque
1448 1987 1534 2032 sae·

264 2059 370 2106 culo
397 2060 493 2103 XV.
526 2064 704 2100 exarato
739 2060 787 2098 et
820 2051 972 2099 multis
1005 2050 1151 2112 glossis
1185 2051 1338 2098 alienis
1370 2051 1532 2109 obfito,

262 2129 406 2174 edidit
432 2123 731 2184 Hesychium‚
766 2128 811 2166 at
848 2121 1172 2165 miremutauit
1207 2130 1254 2166 et
1286 2121 1534 2180 interpola-

258 2198 345 2241 vit.
413 2196 505 2238 Iam
528 2187 817 2248 Villoisonzm,
853 2190 907 2233 V.
935 2189 983 2233 C.
1006 2189 1052 2231 in
1073 2189 1317 2233 Anecdotis
1344 2191 1528 2250 graecis,

260 2273 376 2312 tom.
402 2264 458 2308 11.
478 2274 578 2320 pag.
581 2270 702 2318 254
720 2258 816 2315 sqq
840 2257 914 2302 vbi
949 2258 1006 2302 de
1040 2258 1195 2302 codice
1227 2254 1308 2300 illo
1332 2257 1530 2310 venete,

1473 2339 1530 2371 ex

313 2449 357 2501 θ’)
388 2449 503 2492 Conf.
527 2446 660 2487 Herm.
683 2444 778 2488 Sam.
803 2444 971 2486 Reimari
986 2454 1188 2487 comment·
1207 2447 1255 2485 de
1276 2446 1355 2485 vita
1383 2452 1423 2485 et
1439 2446 1531 2486 scri-

372 2510 448 2561 ptis
480 2511 510 2546 1.
543 2505 628 2546 Alb.
657 2505 830 2551 Fabricii,
859 2504 996 2555 Hamb.
1027 2512 1145 2550 1737.
1174 2516 1256 2554 pag.
1285 2513 1379 2545 212.
1401 2511 1440 2540 et
1460 2501 1528 2541 Al·

372 2561 472 2603 berti
496 2562 657 2612 praefat.
682 2573 763 2609 cap.
788 2563 854 2600 111.
876 2563 924 2600 de
946 2563 1018 2601 hac
1042 2561 1224 2609 editione,
1246 2572 1334 2612 pag.
1357 2563 1425 2601 lx.
1445 2561 1524 2612 sqq.

372 2630 413 2660 ot
435 2620 686 2672 pag.<XV111.
711 2618 792 2668 sqq.
1512 2614 1519 2615 ’
