1727 3005
663 241 866 292 THEON.
1300 257 1392 306 105

134 369 325 417 Critone
355 370 448 430 agit
477 369 524 412 in
567 370 614 415 B.
652 370 729 414 Gr.
760 367 893 413 Libr.'
913 368 987 411 VI.
1021 382 1058 412 c.
1081 362 1130 422 '7.
1159 381 1257 429 pag.
1283 368 1399 426 689.

133 436 238 481 vol.
265 439 357 484 XII.
380 438 493 487 adde
518 436 620 481 Vol.
644 439 761 482 XIII.
789 452 889 497 pag.
920 445 1025 497 133.
1059 444 1108 482 et
1131 434 1303 480 Halleri
1327 439 1396 482 Bi-

136 503 295 552 blioth.
318 508 472 553 Botan.
497 520 597 566 pag.
626 519 730 564 109.
756 504 819 568 sq.

665 641 709 691 §0
784 652 865 696 27.

587 732 946 779 THEON.

251 860 290 891 1.
325 844 498 891 Floruit
518 847 618 896 circ.
645 848 698 891 A.
719 845 772 889 C·
801 858 909 903 117.
935 845 1012 889 sub
1034 843 1258 906 Augustis,
1288 848 1397 890 Tra·

49 947 56 954 .
134 912 236 956 iano
269 922 318 958 et
339 914 578 957 Hadriano.

239 992 282 1024 2.
316 981 592 1037 Smyrnaeus,
619 977 798 1042 insignis
822 979 1163 1030 Mathematicus
1177 988 1226 1026 et
1249 979 1402 1039 philo-.

135 1045 302 1105 sophus
327 1047 591 1099 Platonicus.

238 1128 282 1173 3.
305 1114 483 1173 Scripsit
504 1117 560 1160 de
586 1118 650 1169 iis,
686 1132 795 1176 quae
820 1119 866 1166 in
890 1116 1212 1165 mathematicis
1230 1116 1285 1160 ad
1303 1113 1398 1160 Pla-

93 1204 97 1208 ·
137 1183 257 1227 tonis
278 1180 520 1233 lectionem
544 1183 666 1232 vtilia
696 1181 853 1233 essent.
918 1182 1122 1243 Superest
1157 1198 1268 1227 vero
1299 1192 1398 1228 tan·

138 1251 376 1294 tummodo
398 1253 723 1312 fragmentum,
757 1254 804 1295 in
828 1267 918 1310 quo
943 1253 998 1296 de
1037 1250 1330 1297 Arithmetica
1351 1259 1401 1297 es:

140 1315 303 1360 Musica
324 1320 484 1377 agitur,
518 1320 641 1377 quod
665 1322 765 1373 Ism.
791 1319 1024 1365 Bullialdus
1055 1334 1108 1363 ex
1145 1319 1247 1363 cod
1273 1317 1399 1363 Thu-

140 1398 228 1427 ano
256 1385 423 1440 primus
444 1387 601 1437 edidit,
637 1402 738 1431 cum
763 1396 956 1447 quatuor
975 1386 1067 1431 aliis
1092 1386 1224 1432 codd
1237 1395 1400 1430 contu·

141 1449 210 1505 lit,
243 1449 380 1496 latine
401 1455 537 1502 vertit
562 1460 609 1504 et
640 1454 761 1499 notis
788 1445 1032 1504 illustrauit,
1069 1455 1219 1500 Lutet.
1259 1453 1401 1512 1644.

142 1517 310 1577 4.1n
331 1521 606 1576 praefatione
629 1522 721 1579 agit
743 1520 800 1565 de
823 1527 970 1564 aetate
985 1519 1201 1564 Theonis.

244 1600 286 1641 4
318 1587 451 1635 Conf.
472 1581 666 1635 Fabriczi
690 1588 735 1637 Β.
759 1588 835 1637 Gr.
860 1586 962 1630 Vol.
982 1589 1059 1638 IV,
1081 1588 1198 1630 Libr.
1217 1587 1292 1630 ΙΙΙ.
1306 1601 1398 1644 cap.

151 1656 223 1704 18.
245 1666 346 1712 pag.
370 1659 445 1711 35.
468 1652 562 1709 sqq.
584 1651 788 1701 Brucker,
808 1642 959 1698 histor
983 1655 1080 1698 crit.
1095 1652 1252 1710 philos.
1266 1655 1404 1700 Tom.

143 1721 198 1763 11
227 1734 328 1779 pag
369 1721 474 1777 164
506 1719 568 1777 sq.
601 1718 636 1762 Ῑ.
669 1715 807 1764 Andr.
834 1714 1048 1761 Schmidiz
1078 1715 1172 1764 diff.
1211 1721 1270 1773 de
1295 1723 1406 1778 Hip-

146 1785 340 1846 parch0‚
403 1785 663 1831 Theonibus
705 1794 754 1832 et
799 1789 995 1845 Hypatia
1026 1802 1129 1849 pag.
1170 1798 1244 1845 14.
1279 1785 1408 1832 Saxis·

146 1855 311 1900 Onom.
325 1821 395 1899 lit.
417 1870 460 1912 p.
482 1867 593 1914 293

252 1933 296 1978 5.
329 1920 676 1982 Distinguendus
718 1920 780 1965 est
809 1936 832 1965 a
861 1916 1047 1976 Theone‚
1092 1922 1412 1997 Mathematico

148 1986 466 2044 Alexandrino,
498 1988 656 2035 saeculi
680 1991 840 2052 quarti,
871 1990 926 2035 ad
948 1991 1000 2037 A.
1022 1991 1072 2037 C.
1098 2005 1208 2052 390.

715 2163 728 2183 .
800 2139 878 2186 28·

556 2134 1008 2276 CLE§OMEDES‚

258 2344 298 2377 1.
333 2334 583 2379 Secundum
606 2328 854 2384 Fabricium
876 2341 923 2378 et
936 2332 1115 2383 Saxium
1130 2331 1287 2377 claruit
1299 2332 1414 2376 circa

156 2398 275 2442 idem
301 2408 491 2459 tempus,
527 2404 736 2460 quoniam
757 2400 1018 2453 Ptolemaei,
1059 2416 1193 2458 quem
1205 2400 1320 2445 tanti
1333 2415 1417 2444 no-

158 2466 287 2508 minis
307 2466 537 2513 hominem
561 2485 654 2513 non
677 2464 1058 2537 praetermisisset,
1090 2467 1257 2512 nullam
1275 2468 1417 2512 iniicit

161 2533 456 2582 mentionem.
488 2539 673 2589 Peucer,
706 2532 876 2589 Voffius
899 2545 945 2591 et
965 2537 1261 2597 Hamberger,
1285 2549 1418 2593 quem

778 2604 829 2658 G'
857 2616 880 2662 ς
1305 2617 1412 2646 cons
