1686 3025
374 254 439 312 M,
459 252 739 301 AVRELIVS
753 248 1100 302 ANTONINVS.
1270 265 1363 315 137

118 388 350 440 tempore,
384 396 468 427 nec
496 382 608 426 adeo
642 397 726 427 vna
757 379 870 427 serie
904 378 1065 426 litteris
1101 373 1369 438 confignaffe

116 450 310 497 videtur.
333 452 450 497 conf.
470 446 694 494 Moshemii
719 449 961 495 obseruatt.
984 446 1072 510 jib.
1097 448 1133 495 L
1155 460 1257 506 pag.
1279 457 1365 503 141

222 600 271 645 4.
306 587 404 630 Hae
433 587 524 629 fere
558 584 656 628 sunt
680 584 905 639 editiones
931 581 994 642 *).
1064 584 1232 628 Primus
1269 578 1372 626 illos
1402 626 1411 633 ,Δ

121 654 465 698 commentarios
486 667 510 695 e
533 652 730 696 tenebris
759 653 876 697 eruit
903 648 1012 695 Guil.
1034 646 1267 708 Xylandcr,
1302 663 1372 709 gr.

120 731 169 766 et
197 719 268 765 lat.
299 735 398 764 cum
428 720 630 763 breuibus
665 719 801 763 notis.
849 753 861 764 .
880 720 1039 777 Tiguri
1070 718 1188 776 apud
1231 716 1372 762 Andr.

123 788 371 833 Gesner‘um
413 793 550 844 1558.
586 790 629 837 8.
665 793 810 842 repet.
854 786 1012 830 additis
1062 788 1207 842 paucis
1253 783 1375 828 notis

120 855 265 913 Lugd.
308 856 442 899 1626·
482 867 553 897 12.
592 869 659 912 gr.
710 861 757 898 et
787 851 859 896 lat.
898 862 943 898 at
974 853 1117 895 minus
1148 850 1375 896 lau-datur.

120 923 328 978 Princeps
354 930 502 966 autem
523 921 679 974 edsstio‚
715 920 836 977 quod
859 918 1006 964 multis
1039 918 1177 962 scatet
1200 919 1377 972 naeuis3

121 987 273 1045 postea
298 1003 433 1045 opera
458 988 659 1032 eiusdem·
685 982 902 1046 Xylandri
923 1002 976 1031 ex
999 987 1100 1031 cod.
1126 985 1256 1030 palat.
1276 1000 1377 1028 cor-

123 1055 286 1099 rediior
310 1054 455 1100 lucem
478 1056 615 1108 vidit,
645 1056 880 1099 comitibus
906 1054 1137 1098 Antonino
1174 1052 1376 1103 Liberali,

124 1120 375 1183 Phlegonte
397 1125 438 1167 T
442 1122 622 1167 ralliano
642 1131 727 1173 etc.
749 1138 815 1184 gr.
841 1131 888 1168 et
915 1121 990 1166 lat.
1012 1113 1200 1165 'ssafileae
1242 1132 1258 1162 1
1273 1119 1380 1177 568·

129 1195 174 1241 8.
209 1191 450 1250 Vtriusque
470 1192 678 1241 editionis
699 1188 897 1248 exempla
912 1190 1155 1234 admodum
1167 1203 1261 1232 rara
1278 1187 1380 1230 sunt

125 1257 326 1303 inuenta.
355 1281 422 1291 —-
472 1258 674 1300 'Mericus
694 1253 987 1314 Casaubonus,
1034 1255 1211 1315 vestigia
1246 1255 1383 1312 patris

128 1323 253 1368 Isaaci
284 1323 465 1383 legens,
518 1326 662 1370 edidit
697 1325 978 1371 Antoninum
1014 1323 1385 1379 emendatiorem,

129 1389 250 1435 libris
271 1389 447 1452 fingulis
467 1394 513 1435 in
543 1401 686 1436 certas
708 1392 922 1436 seffiones
945 1389 1105 1444 diuifis‚
1141 1407 1206 1450 gr.
1232 1399 1280 1435 et
1305 1387 1383 1434 lat.

131 1473 232 1502 cum
252 1460 370 1504 notis
395 1466 528 1516 atque
555 1460 942 1503 emendationibus
963 1459 1017 1503 ad
1048 1456 1210 1502 calcem
1244 1453 1385 1500 libelli

131 1526 326 1582 adiediis‚
366 1526 559 1580 Londini
605 1528 744 1585 1643.
784 1531 826 1577 8.
860 1550 919 1560 —
982 1523 1205 1570 Praeclara
1242 1522 1387 1567 subse-

133 1601 270 1650 quuta
290 1591 351 1636 est
371 1592 512 1636 editio
545 1589 727 1633 Thomae
750 1591 982 1634 Gataclzeri
997 1625 1006 1639 ,
1040 1593 1114 1649 qui
1144 1591 1275 1635 doffte
1311 1603 1384 1633 ex-

131 1661 286 1718 plicuit
310 1666 357 1704 et
381 1666 554 1703 textum
575 1653 723 1715 passim
747 1657 921 1701 oracula
939 1660 1062 1702 verbi
1089 1658 1254 1707 diuini,
1287 1655 1386 1701 loca

132 1724 336 1785 parallela
359 1726 522 1783 vbique
545 1724 754 1777 laudauit,
789 1724 925 1769 latine
951 1726 1101 1776 vertit,
1136 1733 1385 1771 necartem

133 1795 333 1839 criticam
355 1792 579 1853 neglexit,
614 1793 922 1852 Cantabrigiae
956 1792 1093 1849 1652.
1127 1805 1176 1848 4,
1207 1814 1272 1825 --
1319 1805 1388 1834 re-

135 1861 223 1906 cus.
245 1861 395 1906 acced.
418 1860 635 1905 adnotatt.
663 1858 916 1903 seleffiores
945 1862 997 1904 A.
1025 1859 1215 1903 Dacierii
1243 1857 1389 1902 latini-

136 1937 229 1974 tate
249 1929 441 1973 donatae
463 1935 512 1973 et
542 1929 631 1972 vita
653 1928 871 1972 Antonini
909 1926 1055 1980 adia,
1098 1935 1280 1971 curante
1315 1924 1392 1967 Ge-

138 2010 231 2056 org.
251 1992 479 2057 Stanhopio
510 1995 648 2052 1697.
673 2008 718 2052 4.
741 2003 788 2039 et
812 1995 858 2037 in
879 1996 1087 2052 operibus
1114 1995 1277 2039 criticis
1308 1993 1392 2038 Ga·

140 2062 336 2116 tackeri,
391 2070 573 2108 curante
611 2062 853 2125 Hermanno
897 2060 1056 2118 Witsio,
1107 2060 1299 2105 Traieffl
1337 2055 1394 2103 ad

140 2131 348 2175 Rhenum
387 2129 525 2187 1697.
560 2128 635 2173 fol.
675 2131 749 2173 vbi
783 2128 1015 2174 Gatackeri
1050 2129 1393 2172 commentarius

143 2199 294 2256 quauis
318 2199 477 2257 pagina
498 2195 642 2240 multo
669 2197 946 2240 commodius
972 2196 1181 2240 subiectus
1196 2194 1257 2238 est
1270 2209 1396 2254 grae-

60 2285 64 2287 ·
144 2267 204 2310 cis
228 2264 442 2310 Antonini
466 2264 624 2309 verbis.
692 2265 897 2307 Tertium
917 2264 1108 2320 repetita
1131 2261 1191 2306 est
1222 2261 1293 2306 illa
1314 2263 1398 2305 Ga-

144 2331 289 2394 takeri
311 2332 449 2378 editio
470 2331 663 2376 Londini
688 2345 789 2375 cura
814 2329 962 2392 Georg.
994 2325 1214 2393 Stanhope,
1259 2342 1398 2385 ¹707·

770 2398 791 2440 I
823 2410 847 2456 ς
1256 2411 1305 2455 4.
1330 2397 1399 2439 cui

206 2554 255 2608 ³⁸)
281 2558 392 2598 Conf.
420 2556 590 2600 Clement.
615 2558 789 2600 biblioth.
823 2559 956 2598 histor.
986 2558 1110 2609 critiq·
1145 2564 1215 2598 etc.
1243 2565 1343 2596 tom.
1379 2560 1405 2596 1.

265 2628 351 2667 pag·
375 2618 564 2667 385·sq<1·
