1640 3030
597 255 988 323 APHTHONWS·
1330 273 1423 321 309

165 390 284 429 msto
318 382 545 444 euulgauit
575 380 851 440 Montfaucon
880 384 925 428 in
962 379 1066 427 bibl.
1097 379 1283 440 Coislin.
1318 398 1427 443 pag..

171 465 280 510 590.
309 452 398 509 sqq.
423 462 470 496 et
492 467 588 510 pag.
621 452 730 510 596.
753 450 996 504 metuerat,
1042 451 1087 493 in
1114 450 1274 494 eodem
1296 452 1420 494 codi-

166 534 218 564 ce
240 517 315 565 fol·
351 532 365 561 1
381 533 401 561 2
418 532 452 561 1.
474 519 564 579 legi
591 512 852 579 συναγωγήν
877 528 961 564 etc.
983 518 1028 567 h.
1051 533 1091 563 e.
1107 517 1420 563 colleffionem

162 588 590 643 interpretationum
635 590 681 630 in
725 587 972 644 Aphthonii
1006 586 1420 646 progymnasmata-

163 654 559 699 consarcinatarum
589 662 637 700 et
674 653 1074 712 Aphthoniidicstis
1115 662 1422 713 congruenter

163 730 603 773 connumeratarum,
639 722 877 779 additque,
937 737 1046 778 opus
1070 721 1169 765 sane
1211 721 1308 764 luce
1354 721 1420 764 di-

161 782 316 848 g'num,
347 782 689 838 fifita’vbndorov.
746 807 782 815 ···
817 790 979 833 Eadem
1002 787 1421 848 prolegomeuaite-

158 870 261 900 rum
286 856 429 901 edidit
454 852 678 899 Fabricius
701 855 746 900 in
773 858 815 902 Β.
837 859 912 902 Gr.
941 855 1025 899 vol.
1050 858 1064 898 1
1073 853 1120 900 Χ,
1143 857 1218 901 iib.
1246 858 1298 900 V.
1323 870 1419 914 cap.

164 936 241 982 39·
267 937 370 982 pag.
402 924 492 979 586
520 925 612 982 sqq.
647 942 704 951 ··-
738 922 896 968 Ινίιινϊ.
918 924 1124 966 autemin
1145 920 1416 967 catal.codd.

157 1004 419 1049 graecorum
442 990 729 1049 msst.,reg1ae
758 987 860 1035 bibl.
886 990 1050 1034 Matrit.
1075 1005 1171 1048 pag.
1202 1002 1216 1030 1
1232 1002 1285 1045 51
1321 989 1416 1046 sqq·

157 1057 338 1113 copiose
351 1057 558 1102 describit
578 1058 679 1104 cod,
702 1058 775 1115 qui
798 1054 1420 1114 Aphthoniiprogymnasma·

156 1132 203 1169 ta
224 1125 271 1168 in
289 1126 590 1184 Hermogenis
603 1124 886 1174 rhetoricam,
923 1126 1120 1182 itemque
1133 1123 1418 1183 Hermogenis

150 1202 532 1254 progymnasmata
558 1201 606 1237 et
626 1200 796 1244 artem,
841 1191 1069 1249 multaque
1099 1190 1179 1234 alia
1215 1193 1414 1235 incerto-

156 1273 257 1302 rum
280 1259 513 1305 rhetorum
537 1259 744 1317 opuscula
765 1257 851 1303 siue
886 1275 938 1304 ex
974 1260 1025 1303 iis
1052 1268 1257 1315 excerpta
1290 1273 1414 1302 com-

155 1325 381 1383 pleffitur.
431 1325 481 1370 In'
494 1326 571 1370 illo
586 1327 682 1370 cod.
698 1326 774 1370 sol.
785 1339 864 1383 41.
879 1325 1091 1385 leguntur
1103 1319 1415 1386 προλεγέμενοι

153 1391 235 1448 ’τῆς
261 1393 513 1456 ῥητορικῆςξ,
550 1395 672 1453 quod
709 1395 830 1438 idem
869 1394 929 1438 est
952 1392 1240 1451 opusculum,
1288 1393 1413 1450 quod

153 1461 402 1514 Montfauc.
424 1461 453 1505 l.
477 1477 512 1513 c,
536 1460 792 1520 publicarat.
827 1463 1065 1511 Enimuero
1087 1462 1296 1518 quoniam
1309 1461 1414 1505 cod.

152 1528 325 1579 Matrit.
351 1529 645 1582 enucleatius,
681 1538 731 1577 vt
753 1530 814 1575 ait
842 1530 1044 1584 Iriartu5‚
1074 1527 1209 1573 habet
1234 1527 1412 1573 exordi-

154 1599 254 1648 u'm,
290 1597 453 1641 deinde
479 1605 611 1652 caput
627 1610 800 1639 nonum
822 1597 1049 1656 integrum
1064 1628 1076 1648 ‚
1112 1597 1232 1639 cuius
1255 1597 1417 1655 exigua?

149 1669 326 1717 tantum
345 1661 553 1719 particula
574 1664 621 1706 in
647 1662 832 1707 Coislin.
853 1662 1070 1719 superest,
1105 1678 1154 1706 ac
1173 1663 1413 1715 decimum,

150 1730 357 1786 quodibi
383 1732 571 1780 omnino
590 1727 886 1774 desideratur:
919 1744 968 1772 ea
998 1731 1141 1774 Iriart.
1175 1730 1222 1772 in
1250 1731 1412 1774 Vtrius-

149 1810 237 1854 que
252 1798 480 1855 editionis,
510 1797 575 1853 (n.
596 1791 831 1852 Montfauc
846 1805 893 1842 et
905 1790 1100 1848 Fabr'ic)
1132 1794 1415 1872 supplemen-

145 1871 245 1908 t‘um
279 1880 347 1925 gr.
381 1880 482 1909 cum
512 1864 583 1908 sua
612 1861 813 1915 versione
846 1862 921 1908 iat,
948 1862 1112 1921 publici
1153 1865 1256 1907 iuris
1291 1865 1411 1908 fecit.

120 1933 266 2005 ¹Tum
285 1933 623 1982 animaduertit,
668 1930 745 1976 fol
769 1945 850 1989 44.
877 1931 967 1991 legi
990 1929 1218 1988 libellum,
1260 1950 1317 1978 ας
1340 1922 1409 1978 τοὶ

145 1992 570 2063 προγυμνάσμοιτοι,
603 1999 810 2056 quiidem
835 1996 912 2055 fit,
960 2014 1113 2073 quem
1121 1965 1281 2044 Moiuf.
1304 1999 1410 2043 cod

99 2082 101 2084 ’
143 2066 224 2110 suo
260 2067 479 2111 adnexum
500 2065 847 2123 inscriptumque
880 2057 1136 2125 συναγωγὴν
1166 2062 1238 2130 ἐξῆ
1241 2061 1408 2126 «γίσεων

147 2142 238 2179 etc
261 2133 473 2183 laudauit
541 2134 667 2180 Idem
689 2141 820 2177 notat
840 2142 889 2178 et
912 2132 999 2179 late
1021 2135 1206 2191 probat,
1241 2136 1285 2176 in
1301 2133 1407 2178 eod

145 2201 245 2245 cod.
270 2200 346 2247 fol.
372 2201 431 2244 62
460 2216 618 2260 graece
645 2201 829 2258 reperiri
859 2196 1123 2263 ‘Eem‘ye'vssc
1155 2191 1410 2264 προγυμνά-

145 2285 336 2326 aaaron,
373 2270 494 2326 quod
508 2266 766 2326 opusculum
781 2283 834 2311 ex
858 2265 1083 2324 Przjciani
1102 2276 1279 2313 tantum
1312 2282 1408 2312 ver.

148 2331 271 2385 sione
299 2335 433 2380 latina
457 2332 675 2394 superesse
698 2335 927 2392 scripserat
958 2336 1191 2379 Fabricius.

251 2415 291 2458 5.
323 2405 409 2454 Qui
448 2402 692 2461 Aphthonii
729 2402 987 2459 opusculum
1014 2410 1237 2460 tamquam
1273 2400 1403 2460 plane

141 2465 379 2526 insipidum
399 2479 445 2515 et
469 2472 672 2529 ineptum
697 2472 890 2523 reiiciat,
926 2472 960 2513 is
985 2468 1091 2514 illud
1108 2485 1252 2528 neque
1271 2469 1406 2529 legis-

144 2535 218 2597 se,
251 2551 398 2596 neque
419 2536 532 2583 illius
561 2539 684 2585 vsum
717 2534 981 2584 intellexisse
1011 2538 1205 2589 videtur.
1274 2535 1408 2648 ‘VtsiIle

678 2607 719 2652 V
757 2620 781 2666 3
1316 2619 1340 2648 e
1377 2618 1402 2649 e
