1686 3025
285 240 491 287 PHEOS
497 240 612 286 TRA
619 240 700 286 TV
694 238 728 285 S
756 237 944 284 LEMNI
941 235 1020 300 VS,
1052 236 1210 285 iu'm'or.
1282 253 1306 283 2
1316 253 1338 284 2
1349 253 1375 302 3

119 378 166 415 et
188 373 372 415 fucatus.
440 368 491 411 In
515 365 707 424 epistolis
729 367 857 410 nimis
889 363 1108 411 comtulus
1139 372 1186 411 et
1219 364 1380 425 delica-

119 437 237 482 tulus
269 444 498 493 comparet
534 433 829 478 Philostratus.
911 431 1116 479 Hernica*
1142 434 1384 490 interpreti

118 506 308 548 Homeri
330 503 451 548 vtilia
482 510 626 546 erunt.
692 499 921 558 Apollonii
945 503 1057 554 vita,
1085 500 1192 546 licet
1226 498 1385 548 fabulis

120 571 329 630 oppleta,
361 569 627 627 philosopho
652 576 802 613 tamen
824 578 956 625 atque
980 567 1204 621 historico,
1230 570 1280 611 in
1294 569 1384 626 pri.

119 641 200 684 mis
222 638 443 695 theologo
468 634 659 679 muttum
682 635 856 678 adferet
881 637 976 692 opis
1002 644 1133 694 atque
1153 634 1351 681 vtilitatis
1367 647 1382 678 ε

119 705 258 750 multa
293 706 412 747 enim
447 698 572 746 dedii:
608 701 892 746 Philostratus
921 703 1195 759 «prudentiae
1242 700 1383 746 ciuilis

119 783 382 830 praecepta3
414 769 638 812 historiam
661 778 889 812 romanam
909 784 932 812 a
952 772 1141 813 Nerone
1165 784 1304 827 Vsque
1325 769 1382 813 ad

117 843 314 885 Neruam
337 838 566 881 interdurn.
589 835 843 886 illustrauit3
889 834 1027 880 multa
1065 837 1120 879 de
1155 835 1385 880 orientali-

120 922 197 951 um
222 914 269 950 et
293 904 702 964 Pythagoraeorum
722 901 1004 960 philosophia
1024 894 1285 960 disputarint,
1317 910 1387 947 at-

122 989 210 1032 que
229 971 472 1032 theologus
501 970 574 1015 vel
599 985 651 1014 ex
672 967 834 1013 infidiis
869 969 1221 1018 aduersariorum
1253 969 1382 1014 facile

119 1040 433 1100 perlustrandis
463 1054 512 1083 ac
543 1037 834 1098 detegendiS,
870 1044 920 1082 et
950 1052 1003 1081 ex
1035 1038 1216 1098 argutiis
1246 1045 1382 1095 atque

120 1108 314 1162 fallaciis,
349 1109 506 1167 quibus
526 1105 589 1151 illi
616 1104 723 1150 alios
746 1105 948 1165 adgredi,
982 1112 1033 1149 et
1052 1105 1288 1163 sequidem
1307 1105 1387 1149 de.

123 1178 331 1229 fendere,
363 1185 409 1220 at
435 1173 690 1231 semetipsos
711 1173 889 1217 irretire
902 1172 1064 1226 solent,
1101 1172 1216 1233 haud
1228 1187 1386 1230 parum
1410 1215 1413 1217 ,

125 1245 269 1300 capiet
291 1242 454 1287 studius
479 1240 615 1299 atque
649 1236 848 1298 praefidii
883 1240 936 1284 ad
965 1241 1200 1285 veritatem
1223 1240 1389 1283 docstri-

127 1326 211 1354 nae
245 1312 406 1368 prioris
435 1309 780 1363 vindicandam.⁸
833 1306 1055 1367 Imagines
1088 1306 1255 1352 etiamsi
1288 1322 1385 1352 non

126 1378 302 1435 semper
330 1374 413 1420 fint
435 1377 682 1428 adcuratae‚
716 1389 802 1420 nec
823 1382 1001 1420 careant
1019 1377 1166 1419 naeuis
1188 1373 1388 1431 sophisti-

129 1448 215 1489 cis:
251 1455 402 1489 tamen
427 1444 528 1488 artis
552 1443 715 1486 amanti
738 1451 828 1486 tam
851 1440 978 1486 Vtiles
1007 1450 1154 1495 erunt,
1179 1457 1307 1500 quam
1323 1442 1388 1485 sea

129 1512 202 1556 stu
227 1512 461 1557 iucundae.

230 1580 273 1622 6.
307 1578 480 1621 Confer
500 1575 673 1632 Ionst'um
694 1570 754 1635 de
779 1572 982 1633 scriptor.
1011 1570 1106 1620 hist.
1131 1571 1295 1633 philos.
1315 1578 1391 1620 111.

130 1659 167 1693 c.
197 1660 268 1705 13.
291 1650 332 1698 ξ.
368 1658 406 1688 1.
428 1658 526 1702 pag.
554 1656 634 1699 74.
657 1652 705 1687 et
725 1657 817 1699 cap.
850 1656 920 1700 14.
945 1642 986 1700 §.
1011 1657 1051 1701 3.
1077 1657 1183 1702 pag.
1204 1650 1283 1695 33.
1314 1643 1389 1706 plo.

127 1709 219 1759 Alb.
243 1706 438 1754 Fabricii
456 1712 502 1754 B.
526 1711 599 1754 Gr.
623 1708 740 1753 Libr.
763 1708 836 1752 IV.
861 1724 954 1766 cap.
985 1723 1060 1763 24.
1083 1723 1180 1770 pag.
1198 1721 1274 1764 43.
1297 1709 1389 1767 sqq.

133 1792 180 1827 et
199 1779 300 1824 Vol.
323 1781 356 1824 Ι.
381 1793 481 1838 pag.
499 1791 612 1835 421.
634 1786 723 1822 vet.
748 1777 821 1822 ed.
851 1800 912 1811 -—
982 1774 1132 1832 Caylus
1146 1777 1392 1834 superimm-

129 1850 257 1910 gines
280 1845 542 1898 Philostrati,
577 1846 623 1888 in
644 1843 756 1888 Hist.
780 1844 838 1888 de
860 1842 889 1887 l'
916 1845 1053 1889 Acad.
1088 1844 1166 1888 des
1197 1847 1229 1887 Ι.
1267 1855 1313 1888 et
1348 1846 1390 1887 Β.

129 1919 180 1961 L.
204 1918 336 1959 Tom.
364 1927 445 1967 21).
481 1928 580 1971 pag.
625 1916 730 1969 156.
767 1911 859 1969 sqq.
895 1913 1012 1956 etin
1039 1909 1257 1968 opusculis
1287 1927 1390 1970 ger-

130 1984 303 2028 manice
346 1980 462 2023 &tetis
497 1994 577 2037 per
607 1978 890 2032 Meusblium,
947 1980 1081 2025 Tom.
1120 1979 1174 2022 11.
1211 1978 1390 2023 Altenb.

140 2050 284 2109 1769.
321 2064 418 2108 pag.
462 2053 567 2100 184.
591 2047 683 2104 sqq.
713 2068 777 2081 —-
847 2041 1131 2105 Hambetffger.
1151 2049 1196 2090 Z.
1212 2046 1385 2091 N.Vol.

133 2120 189 2164 11.
219 2133 262 2174 p.
300 2129 409 2174 547.
445 2135 512 2146 ·-
558 2112 668 2156 Saxe
695 2113 742 2157 in
773 2112 997 2158 Onomast.
1034 2112 1201 2161 literar.
1227 2108 1263 2157 Ῑ.
1285 2128 1387 2173 pag.

139 2198 248 2245 337.
285 2190 332 2228 et
352 2198 450 2242 pag.
481 2195 590 2242 350.
619 2179 825 2224 ‘Bruckem
857 2179 950 2226 hist.
981 2181 1079 2225 crit.
1115 2177 1222 2237 phil,
1257 2182 1392 2225 Tom.

135 2253 193 2297 ΙΙ.
223 2267 318 2312 pag.
350 2262 452 2306 ¹45-
479 2249 572 2306 sqq.
595 2272 644 2282 --
687 2247 878 2290 Battieri
900 2243 1007 2292 obss.
1032 2263 1072 2291 V.
1096 2249 1210 2291 infra
1245 2253 1282 2301 §.
1315 2260 1397 2306 74.

135 2333 205 2363 nr.
229 2319 272 2362 6.
306 2318 419 2362 adde
435 2317 560 2374 supra
580 2315 633 2359 ad
645 2313 682 2369 §.
714 2313 766 2359 X.
791 2322 962 2361 notata.
996 2336 1063 2347 --
1098 2313 1154 2371 (I.
1187 2312 1237 2357 P.
1267 2312 1397 2357 [ἰείη-

138 2380 273 2439 hard)
299 2399 450 2444 progr.
476 2385 533 2428 de
566 2385 657 2427 ritu
680 2381 1050 2440 philosophorum
1073 2380 1393 2440 pythagoricm

139 2466 241 2496 rum
261 2453 306 2494 in
332 2450 508 2508 templis
532 2451 745 2510 docendi,
776 2450 830 2493 ad
864 2446 1117 2503 Philostrati
1152 2450 1229 2492 vit.
1257 2448 1394 2506 Apol-

139 2517 254 2564 lonii
289 2516 554 2578 Tyanenfis,
587 2517 667 2563 lib.
701 2519 736 2564 I.
768 2532 858 2577 cap.
899 2522 973 2564 15.
997 2515 1228 2580 Erlangae,
1259 2518 1393 2574 1762.

1318 2582 1399 2628 fol.
