1727 3005
698 214 810 304 ΜΟ.
1200 271 1202 274 ’
1323 269 1352 314 7
1362 270 1386 317 3

139 385 306 429 ibidem
328 381 401 426 lib.
424 383 479 427 de
501 382 647 426 critica
669 396 761 438 cap.
794 380 906 427 XIV.
939 393 1037 438 pag.
1069 377 1172 425 162.
1194 380 1393 426 Dionem

141 449 440 512 Chrysostom.
470 452 588 495 inter
621 448 909 507 philosophos
951 449 1151 492 criticum
1184 450 1393 493 eximium

142 517 290 571 fuisse,
326 534 379 562 ex
405 520 495 562 eius
534 517 810 561 orationibus
839 517 1058 572 probauit.
1128 517 1393 563 Criticarum

141 589 276 647 igitur
301 585 412 630 illius
445 581 875 631 animaduersionum
904 583 1109 639 plurimas
1138 582 1297 628 Reiske
1323 599 1393 627 re-

46 708 64 714 -
145 656 277 711 cepit.
313 656 373 698 At
394 655 512 697 enim
533 651 778 695 dolendum
798 649 995 694 estillum
1018 666 1112 696 non
1133 647 1395 699 consuluiss'e

145 721 293 779 plures
317 722 465 764 V.D.a
494 720 650 776 quibus
679 715 826 773 passim
849 718 1108 761 emendatur
1137 720 1225 762 Dio
1255 718 1399 778 Chry·

147 787 376 841 sostomu5‚
414 801 452 830 e.
478 802 520 846 g.
548 780 791 847 Weffeling
815 793 863 828 et
884 783 1147 830 Valckenarss
1170 787 1222 831 ad
1247 789 1399 830 Hero·

147 857 329 905 dotum,
373 855 616 910 Toupfflm,
665 851 763 909 (qui
798 853 845 894 in
877 852 1037 908 Opusc.
1065 853 1204 902 critic,
1233 868 1322 897 rec.
1353 856 1402 897 in

147 923 542 970 Emendationibus
565 923 611 964 in
634 921 808 967 Suidam
833 927 879 964 et
921 918 1189 977 Hesychium
1218 929 1265 964 et
1294 920 1402 964 aiios

147 988 503 1048 Lexicographos
527 1002 722 1047 graec05‚
753 988 896 1032 Oxon.
944 999 1066 1042 1790
1097 985 1186 1029 voi.
1223 989 1258 1032 I.
1277 987 1404 1044 plura

148 1059 307 1104 Dionis
324 1056 421 1100 loca
445 1057 713 1105 emendauit‚
748 1063 824 1099 aut
842 1052 1051 1111 explicuit
1073 1055 1404 1108 vindicauitue‚)

149 1122 429 1169 Valcken.ad
453 1123 710 1180 Euripidem
735 1132 819 1167 etc‘
844 1138 937 1166 non
963 1120 1197 1170 consuluit.
1225 1121 1406 1167 Restant

152 1206 334 1250 quoque
365 1189 488 1248 plura
521 1199 756 1248 poetarum
795 1192 1055 1250 fragmenta,
1095 1205 1115 1232 a
1143 1192 1286 1233 Dione
1320 1191 1410 1234 ser-

153 1267 280 1316 uata,
323 1274 434 1317 quae
469 1260 790 1307 ‘emendatione
829 1267 905 1307 aut
936 1259 1314 1314 interpretatione
1344 1260 1410 1302 in-

157 1327 352 1385 digeant.
418 1328 504 1376 Dio
534 1335 776 1383 praeterear,
797 1323 935 1376 multa¹
961 1324 1118 1375 habet,
1166 1327 1323 1383 quibus
1357 1339 1412 1369 ex

157 1391 436 1453 mythologia
463 1402 510 1438 et
531 1394 794 1449 antiquitate
809 1426 820 1443 ,
852 1393 906 1443 ad
929 1408 1032 1452 quas
1056 1391 1129 1436 ille
1153 1391 1321 1445 adlusit,
1345 1392 1412 1436 lu-

160 1475 257 1504 cem
280 1459 461 1503 adfundi
485 1455 616 1516 poffit
637 1460 904 1515 debeatque.
975 1462 1121 1515 Quare
1149 1475 1413 1517 quamquam

159 1524 317 1572 Reiske
340 1525 478 1570 multa
499 1525 724 1583 praeclare
750 1526 1006 1577 emendauit
1038 1535 1085 1569 et
1109 1526 1254 1571 multo
1274 1526 1414 1583 plura,

160 1609 292 1653 quam
326 1593 572 1651 superiores
607 1593 831 1645 editores²
879 1591 1118 1649 praestitit3
1164 1601 1314 1637 tamen
1348 1597 1415 1638 fu-

161 1671 268 1707 turo
290 1660 527 1716 interpreti
554 1658 749 1715 amplum
772 1658 953 1715 reliquit
977 1673 1178 1714 campum
1194 1691 1206 1710 ‚
1239 1676 1291 1703 ex
1322 1677 1413 1718 quo

110 1740 114 1743 “
164 1729 363 1788 ingenii,
400 1719 609 1778 acuminis
634 1734 765 1782 atque
788 1726 1053 1769 eruditionis
1093 1725 1256 1770 fructus
1293 1727 1418 1771 coili-

163 1810 271 1855 gere
294 1790 439 1852 poffit.
507 1796 656 1851 Atque
682 1790 897 1848 symbolas
920 1794 1088 1836 criticas
1112 1793 1304 1839 contulit
1316 1810 1420 1838 cen-

163 1863 237 1907 sor
261 1864 307 1906 in
322 1861 427 1928 Eph.
440 1861 578 1915 litter.
602 1863 764 1926 Lipaa.
787 1866 926 1926 1784.
947 1875 1044 1925 pag.
1067 1873 1130 1916 70
1153 1870 1200 1906 et
1220 1876 1255 1906 a.
1279 1868 1420 1920 1785.

165 1933 284 1979 nr01.
824 1966 828 1967 ν

241 2065 509 2122 -Separatim
543 2063 689 2110 editae
711 2062 813 2107 sunt
853 2062 998 2114 Oratt.
1041 2064 1117 2109 IV.
1165 2062 1223 2107 de
1259 2077 1423 2122 regno,

171 2148 330 2193 graece
356 2147 457 2176 cum
484 2132 602 2181 notis
629 2131 851 2181 breuibus,
883 2146 904 2173 a
924 2129 979 2172 Io.
1004 2126 1180 2190 Caseli0‚
1217 2129 1431 2177 Rostoch.

123 2245 130 2256 ¹
179 2206 320 2258 1584·
353 2205 375 2250 8
407 2222 472 2231 --
509 2199 665 2242 Oratio
703 2198 759 2240 de
793 2191 906 2249 Ilio,
938 2213 1033 2240 non
1062 2205 1220 2254 capto,
1267 2210 1427 2256 graece

131 2317 135 2325 X
175 2276 222 2320 et
258 2267 420 2320 latine,
464 2281 565 2310 cum
597 2265 975 2321 interpretatione
1006 2272 1053 2309 et
1092 2264 1264 2312 scholiis
1295 2263 1429 2308 Laur.

177 2331 500 2386 Rhodomanm‘,
557 2341 605 2377 et
635 2333 816 2389 praefat.
843 2331 1025 2380 Caselii,
1086 2332 1191 2375 ibid.
1226 2337 1363 2388 1585.
1402 2336 1426 2381 8

179 2415 278 2446 cum
300 2403 454 2454 Quinti
480 2399 651 2446 Calabri
674 2396 892 2443 dereliffls
925 2399 975 2441 ab
1001 2400 1221 2452 Homero,
1257 2400 1430 2449 Hanou.

188 2468 328 2524 1604.
361 2474 383 2520 8
412 2484 513 2529 pag.
547 2481 640 2526 134
663 2466 807 2526 Lugd.
832 2466 922 2509 Bat.
954 2466 1093 2520 1706.
1132 2471 1155 2517 8
1194 2489 1263 2505 --.
1327 2466 1435 2511 Ora·

181 2537 248 2580 tio
268 2536 324 2580 de
339 2538 577 2596 Homero,
608 2547 767 2595 graece
784 2568 798 2589 ‚
833 2547 933 2578 curn
956 2534 1075 2580 notis
1098 2531 1227 2585 ‘Ioum
1257 2533 1436 2591 Dama,

789 2601 824 2646 E
861 2614 885 2660 ς
1296 2603 1435 2658 praef.
