1640 3030
595 226 860 278 PRocLVS.
1264 235 1354 290 381

90 352 241 401 Procli
279 352 634 402 Chrestomathia
666 348 905 404 interiisse3
965 347 1212 410 superstites
1248 367 1362 397 vero

93 419 291 468 mansisse
312 422 570 483 eclogarum
595 422 733 466 libros
757 431 962 480 quatuor.
1012 446 1062 455 —-
1116 421 1240 464 Idem
1258 435 1360 480 pag.

101 504 175 550 13.
209 492 376 536 iudicat
411 493 468 535 de
509 492 676 535 duabus
707 491 967 534 memoratis
1004 488 1275 534 editionibus
1311 503 1363 532 ac

91 557 268 604 schotti
288 557 615 604 maleuolentia.
647 582 707 592 -
774 556 909 602 Henr.
929 567 1078 602 tamen
1102 553 1278 612 Valcfius
1302 555 1363 600 de

93 627 246 679 critica
272 642 366 685 cap.
390 629 481 670 XX.
508 642 608 686 pag.
639 626 724 676 168
760 625 820 683 sq.
852 641 875 668 a
900 626 1154 669 Burmanno
1181 624 1238 668 ΙΙ.
1263 638 1364 669 cum

91 691 251 739 Valefii
274 693 520 739 emendatt.
551 694 685 747 edita,
730 708 784 737 ex
818 693 1149 737 commentariis
1173 691 1365 749 Alexan-

93 761 164 806 dri
186 758 536 818 Aphrodifienfis
568 764 615 805 in
645 760 896 806 Aristotelis
933 759 1159 811 elenchos,
1181 759 1277 818 (vbi
1308 760 1365 804 ab

93 829 227 874 initio
261 830 401 874 vtitur
441 827 698 874 testimonio
738 811 960 873 Athenaei
1002 829 1278 886 grammatici
1315 836 1368 874 et

7 946 10 949 ¹
89 891 236 937 Procli
274 897 324 938 in
355 891 725 951 Chrestomathia)
762 894 1068 970 colligendum
1092 891 1179 938 esse
1223 893 1366 938 existi·

89 969 199 1015 mat,
226 960 366 1006 libros
389 958 719 1026 γραμματικῆς
738 953 1087 1024 χρηςομαθεὲοις
1109 957 1232 1006 fuiffe
1255 960 1366 1006 alte-

0 1069 4 1075 .
90 1030 183 1074 rius
221 1026 368 1074 Procli
402 1028 542 1089 longe
577 1029 857 1084 antiquioris.
930 1030 1097 1079 Quum,
1131 1030 1217 1082 ait,
1253 1043 1365 1073 con-

88 1090 192 1156 stet,
224 1095 525 1142 Alexandrum
546 1095 786 1152 Aphrodis,
813 1095 888 1139 diu
913 1103 1019 1140 ante
1044 1094 1189 1139 Procli
1221 1094 1368 1153 philo.

88 1163 235 1221 sophi,
270 1170 586 1223 cognomento
602 1160 823 1206 Diadochi
841 1170 1036 1208 aetatem
1047 1159 1223 1213 vixiffe3
1256 1162 1366 1208 Pro-

89 1231 226 1289 clum,
262 1233 338 1289 qui
358 1228 760 1276 Chrestomathiam
782 1227 964 1287 scripfit,
1000 1245 1024 1274 a
1044 1229 1204 1275 Proclo
1219 1230 1366 1288 philo-

91 1297 238 1356 sopho
260 1290 445 1343 differre
465 1293 641 1342 necesse
673 1295 747 1345 est.
811 1296 1020 1342 Proclum
1038 1314 1146 1342 vero
1166 1297 1367 1355 philoso-

92 1364 309 1424 phumin
339 1365 502 1411 criticis
539 1366 832 1411 exercitatum
864 1360 1016 1420 fuisse,
1050 1365 1250 1425 pluribus
1287 1368 1366 1412 de·

94 1433 330 1481 monstrat.

199 1500 251 1543 In
262 1499 457 1544 Platonis
476 1500 696 1543 Timaeum
720 1501 1150 1546 commentariorum
1161 1503 1280 1550 Libr.
1302 1503 1366 1550 V.

95 1584 272 1631 graece,
314 1583 417 1613 curn
450 1566 652 1620 Platone,
695 1567 812 1612 Bafil.
857 1582 997 1628 ¹534·
1027 1568 1108 1615 fol
1157 1596 1216 1604 —
1295 1571 1366 1616 Ad

93 1636 260 1682 calcem
289 1637 438 1693 operis
478 1632 626 1678 Procli
659 1636 707 1678 in
726 1637 961 1679 Timaeum
987 1635 1123 1681 exstat
1155 1638 1203 1679 in
1234 1625 1366 1681 libros

91 1701 293 1748 Platonis
334 1699 387 1745 de
422 1696 596 1763 Republ.
632 1716 729 1745 non
777 1705 1124 1747 commentarius
1168 1706 1366 1765 integer.

91 1771 171 1817 sed
193 1769 404 1816 collectio
432 1769 648 1828 quaedam
672 1770 891 1814 variarum
923 1769 1276 1828 praelectionum
1309 1776 1365 1818 ab

36 1880 43 1883 .
88 1837 171 1884 illo
194 1837 383 1884 Athenis
405 1836 584 1896 publice
612 1835 966 1896 propositarum:
1001 1841 1048 1882 in
1071 1838 1136 1882 his
1163 1843 1367 1887 contine-

95 1907 136 1951 ri
158 1907 337 1953 videtur
367 1905 584 1964 quaedam
622 1920 707 1963 pro
732 1907 941 1951 Homero
974 1905 1196 1964 apologia,
1233 1925 1367 1967 quam

92 1973 220 2018 Conr.
249 1971 456 2016 Gesnerus
482 1972 704 2019 latinitate
730 1973 941 2020 donatam
962 1974 1050 2019 hoc
1074 1975 1210 2020 titulo
1244 1978 1368 2024 seor-

92 2041 191 2087 sum
214 2037 382 2087 emifitt
414 2039 639 2103 Apologiae
658 2036 872 2102 quaedam
890 2054 969 2097 pro
1002 2041 1183 2086 Homero
1211 2054 1259 2090 et
1297 2061 1368 2090 ar.

93 2117 143 2155 te
179 2110 375 2168 poetica,
409 2107 744 2166 fabularumque
777 2100 949 2167 aliqu-ot
971 2112 1272 2156 enarrationes
1310 2128 1366 2161 ex

93 2177 427 2222 commentariis
472 2173 615 2218 Procli
661 2175 795 2233 Lycii,
849 2177 1068 2222 Diadochi
1110 2178 1367 2238 philosophi

92 2242 330 2303 Platonici,
363 2244 410 2288 in
429 2241 567 2293 libros
593 2241 786 2288 Platonis
814 2244 872 2288 de
891 2260 986 2303 rep.
1007 2246 1054 2288 in
1080 2247 1236 2303 quibus
1265 2247 1366 2306 plu·
1398 2240 1403 2243 ⁴

95 2312 232 2357 rimae
255 2312 312 2357 de
342 2312 425 2355 diis
477 2310 646 2356 fabulae
682 2327 777 2355 non
810 2314 930 2357 iuxta
964 2310 1367 2362 Grammaticorum

97 2378 256 2438 vulgus
303 2377 527 2434 historice,
573 2377 751 2437 physice
795 2389 871 2424 aut
911 2380 1058 2425 ethice
1090 2390 1365 2434 tractantur;

95 2445 174 2491 sed
211 2445 498 2507 theologicis,
573 2456 622 2491 vt
662 2446 856 2508 gentiles
884 2446 1150 2506 loquuntur,
1185 2465 1239 2495 ex
1276 2455 1369 2509 pri-

98 2527 171 2558 ma
207 2512 488 2574 philosophia
525 2515 774 2565 rationibus
813 2513 1119 2574 explanantur.
1208 2520 1370 2579 Tiguri

1223 2598 1367 2644 1542.
