1640 3030
631 224 901 276 PROCLVS.
1302 244 1326 291 3
1336 239 1396 290 75

674 357 716 406 §0
789 364 867 410 37·

516 438 990 486 PROCLVS.

131 595 135 601 .
222 566 259 601 1.
290 555 427 600 Natus
448 552 510 598 est
540 550 932 610 Constantinopoli
954 567 991 598 a.
1014 551 1067 598 C.
1092 558 1212 611 ¹412.
1232 554 1390 601 deces-

119 616 176 667 {it
198 622 285 666 vita
306 622 493 667 Athenis
515 636 550 665 a.
572 621 625 665 C.
651 625 764 678 485.

132 724 135 729 ,
223 702 270 736 2.
307 690 489 748 Lycius,
519 686 812 732 Alexandriae
835 695 969 746 atque
992 687 1098 732 dein
1132 686 1387 738 Athenisex

117 757 281 801 ordine
301 755 469 802 litteras
493 763 540 801 et
562 755 883 801 mansuetiores
909 765 956 800 et
978 756 1221 802 seueriores
1246 768 1386 804 artes-

40 848 45 857 =
116 839 205 881 que
225 825 420 883 abditas,
455 825 716 881 praesertim
744 823 949 882 mysteria
982 823 1235 883 theurgica,
1283 826 1388 870 dili-

112 897 278 949 genter
302 897 370 943 et,
403 890 712 947 plaudentibus
743 889 954 949 magistris
986 891 1164 948 didicit,
1207 894 1268 938 ita
1290 902 1339 938 vt
1358 908 1384 938 a

107 953 346 1002 Plutarcho
374 965 422 1001 et
443 959 627 1012 Syri-ano
654 952 869 1001 successor
893 958 940 1000 in
968 957 1124 1002 scholis
1147 959 1228 1002 suis
1242 960 1384 1005 Athe-

12 1052 19 1058 ·
66 1076 70 1080 ,
109 1021 331 1070 nienfibus
358 1021 691 1084 designaretur:
722 1024 839 1068 vnde
865 1039 1122 1083 cognomen
1136 1018 1385 1087 Διάδοχος,

107 1087 377 1146 Diadochus,
434 1091 480 1137 h.
507 1107 544 1137 e.
555 1087 794 1149 succeſjbr‚
861 1092 1044 1149 accepit.
1122 1094 1174 1136 In
1211 1093 1379 1141 summa

108 1159 376 1204 auctoritate
400 1161 534 1212 vixit,
568 1167 702 1216 atque
725 1158 910 1202 Athenis
936 1159 1091 1204 docuit
1109 1167 1157 1204 et
1193 1161 1386 1219 scripsit..

105 1229 232 1278 Quae
258 1227 315 1270 de
338 1228 429 1269 eius
453 1224 779 1271 consuetudine
801 1240 902 1269 curn
924 1225 1005 1270 diis
1037 1234 1085 1272 et
1114 1227 1171 1272 de
1191 1230 1386 1277 miracu·-

105 1291 165 1342 lis·
188 1294 423 1346 dicuntur,
469 1309 519 1337 ea
545 1292 706 1337 sabulas
729 1293 952 1341 redolent.

42 1377 45 1380 ·
125 1404 129 1410 ,
215 1376 258 1421 3.
293 1364 453 1423 Magna
470 1353 577 1418 >pars
608 1360 951 1418 opusculorum,
1016 1377 1128 1420 quae
1162 1365 1375 1421 confecit,

102 1429 265 1478 iniuria
292 1429 507 1485 temporis
538 1429 688 1486 periit.
754 1429 836 1482 Ea,
869 1445 979 1487 quae
1015 1430 1269 1487 supersunt,
1326 1442 1380 1481 et.

101 1497 157 1541 ad
183 1494 480 1553 rhetoricam,
507 1496 866 1556 grammaticam,
914 1495 1068 1554 po'esin
1094 1506 1142 1544 et
1176 1499 1373 1555 philoso-

100 1563 252 1640 phiam
270 1566 513 1620 pertinent,
548 1562 794 1622 diligenter
806 1564 1123 1610 recensuerunt
1147 1561 1372 1611 Fabricius

97 1632 147 1677 in
167 1633 212 1680 B.
241 1631 315 1675 Gr.
337 1627 445 1676 Vol.
462 1627 578 1673 VIII.
599 1630 672 1673 vbi
694 1644 827 1688 apag.
846 1642 952 1687 455.
967 1632 1024 1675 de
1048 1632 1201 1677 nostro
1215 1638 1371 1692 copio-

72 1694 252 1742 .fiffime
275 1698 390 1757 agit,
430 1704 477 1740 et
499 1697 616 1740 varia
637 1696 844 1753 opuscula
863 1696 976 1741 illius
1010 1707 1087 1743 aut
1119 1703 1370 1759 fragmenta

93 1764 278 1817 inserit,
310 1770 446 1822 atque
472 1756 749 1823 Hamberger.
774 1764 823 1810 in
859 1767 906 1811 Ζ
936 1767 994 1812 Ν.
1026 1764 1126 1811 Vol.
1160 1767 1238 1816 ΙΙΙ.
1264 1786 1370 1831 pag.

96 1845 212 1890 245
233 1832 325 1891 sqq·
1379 1861 1383 1898 ς

194 1914 244 1958 4
278 1889 500 1942 Fabricius
537 1900 572 1946 l.
598 1915 658 1944 m.
693 1915 736 1957 p.
770 1899 883 1957 465.
913 1926 968 1938 —-
1002 1913 1111 1959 515.
1148 1905 1364 1961 quaedam

92 1966 241 2012 Procli
255 1961 476 2014 intexuit:
508 1983 673 2025 nempe
694 1982 747 2011 ex
772 1967 1149 2025 interpretatione
1185 1979 1363 2018 tanturn

45 2075 48 2086 ,
91 2033 229 2080 latina
251 2033 473 2078 Guz'lielmi
492 2031 544 2077 de
565 2029 809 2094 Morbum,
842 2035 1176 2095 Archiepiscopi
1199 2040 1363 2085 Corin-

91 2101 348 2148 thicircaa.
372 2100 476 2148 Chr.
521 2108 661 2154 1280.
689 2098 740 2144 de
763 2097 1065 2163 prouidentia,
1098 2115 1139 2147 et
1162 2103 1283 2163 fato,
1317 2116 1363 2150 et

89 2180 152 2221 eo,
180 2165 298 2231 quod
314 2172 362 2212 in
387 2163 528 2222 nobis3
562 2177 661 2214 tum
683 2172 898 2227 Excerpta
925 2171 984 2215 de
1007 2171 1165 2216 decem
1185 2175 1362 2219 dubita-

89 2238 288 2283 tionibus
317 2238 430 2281 circa
454 2236 810 2293 prouidentiam3
843 2237 1038 2295 denique
1056 2240 1274 2299 Excerpta
1300 2243 1359 2289 de

90 2303 314 2350 malorum
334 2302 622 2349 subsistentia:
661 2320 744 2350 nec
764 2319 858 2349 non
882 2314 1073 2363 quatuor
1095 2304 1281 2366 hymnos.
1296 2334 1359 2346 --

88 2372 157 2416 Hi
189 2367 339 2432 hymni
373 2387 533 2432 graece
568 2373 838 2429 prodierunt
868 2375 988 2430 prius
1037 2387 1138 2420 cum
1168 2375 1357 2436 Orpheo

88 2437 288 2489 Elorent.
314 2440 431 2498 apud
455 2438 562 2485 Phil.
588 2442 705 2495 lunt.
751 2453 889 2496 1500.
919 2455 967 2500 4.
1003 2442 1205 2489 Venetiis
1237 2445 1355 2503 apud

86 2504 255 2556 Aldum
280 2514 490 2567 15170-8.
510 2515 558 2555 et
579 2509 627 2554 in
645 2509 783 2553 Lestii
808 2505 946 2569 Corp.
984 2524 1054 2570 gr.
1077 2519 1204 2574 poet,
1222 2528 1356 2575 grae-

110 2609 120 2617 ·
146 2621 149 2623 .
642 2579 716 2626 Aa
747 2590 783 2637 4
1303 2595 1354 2627 ce
