1748 3005
240 214 303 278 a¹
360 192 366 204 '
511 203 811 252 DIoNrSIVS
838 201 1192 252 PERIEGETES,

241 324 533 392 GeograpMa,
576 331 806 374 emendata
843 336 890 374 et
924 325 1214 395 locupletata,
1259 328 1490 374 additione

237 397 407 444 scilicet
434 398 729 457 geographiae
752 395 995 438 hodiernae
1018 410 1178 455 graeco
1211 398 1403 440 carmine
1417 412 1491 454 pa·

241 467 355 510 riter
376 466 566 509 donatae
582 494 596 515 ‚
627 477 725 505 cum
750 461 818 506 16.
842 461 999 506 tabulis
1023 462 1345 522 geographicis,
1375 464 1493 508 Oxo-

242 534 309 578 nii
330 544 461 588 1704.
485 535 679 580 8.recus,
700 530 807 573 ibid.
828 531 965 585 1706.
993 539 1040 575 et
1062 542 1202 587 1709.
1234 538 1274 580 8.
1299 531 1495 585 Londini

248 598 393 655 1726.
417 603 458 648 8.
482 605 529 640 et
553 611 621 655 gr.
643 597 750 641 ibid.
783 595 922 653 1761.
949 602 991 653 8,
1026 599 1171 642 Notae
1194 606 1240 641 et
1261 594 1401 641 versio
1438 588 1498 641 la.

242 667 337 713 tina
360 665 458 709 sunt
489 662 715 720 separatim
747 663 940 711 excusae.
1007 659 1069 708 Vt
1102 671 1150 708 et
1171 679 1234 717 ea,
1257 678 1368 722 quae
1389 661 1498 709 defi-

242 731 473 778 derauerit
497 731 544 773 in
568 728 766 789 Dionysii
788 728 1027 792 Periegesi,
1069 740 1116 776 et
1147 732 1378 791 quomodo
1400 728 1535 795 mug'

244 800 412 845 tauerit
429 796 546 845 illam
565 796 734 849 Wells,
763 797 994 845 dilucidius
1023 798 1373 857 cognoscantur,
1401 794 1498 855 par·-

243 865 425 915 ticulam
444 880 496 908 ex
516 860 791 922 praefatione
813 865 976 918 libelli,
1013 881 1146 925 quern
1167 865 1278 910 haud
1292 869 1500 923 frequen·

244 940 344 977 tem
370 928 456 975 esse
479 931 706 984 intellexi,
758 933 1021 977 describam:
1072 936 1209 989 „Non
1233 932 1294 978 est
1313 930 1502 978 distimu-

246 998 450 1048 landum‚
494 1001 540 1042 in
568 997 780 1059 Periegesi
812 998 1076 1055 Dionysiana
1103 1000 1390 1057 reperiendos
1413 995 1501 1044 esse

249 1081 428 1116 errores
451 1067 664 1124 quosdam
686 1067 1036 1127 geographicos-;
1071 1067 1145 1112 sed
1160 1065 1307 1125 quales
1322 1069 1504 1112 interim

244 1135 399 1181 autori
414 1135 525 1178 vitio
548 1134 642 1177 iure
673 1136 788 1178 verti
824 1143 1081 1192 nequeunt,
1143 1149 1280 1193 quum
1310 1133 1506 1178 habendi
1559 1173 1566 1178 .

248 1198 337 1248 fine
369 1216 461 1244 non
493 1211 581 1248 tam
615 1198 839 1259 Dionysii,
885 1216 1014 1259 quam
1047 1201 1203 1247 saeculi
1238 1199 1508 1258 Dionyfiani.

249 1270 395 1315 Porro
430 1268 659 1312 fatendum
691 1267 776 1320 est,
822 1284 846 1313 a
878 1267 1091 1328 Dionysio
1134 1256 1356 1313 letiorem‘
1383 1268 1509 1313 suum

251 1334 421 1391 saepius
444 1337 617 1392 poetica
649 1336 832 1392 quadam
860 1334 1038 1385 licentia
1067 1351 1148 1392 per
1168 1336 1406 1378 immensos
1431 1332 1510 1380 sal-

251 1410 327 1446 tus
350 1401 438 1445 huc
460 1401 564 1445 illuc
596 1403 715 1458 rapi3
774 1417 867 1444 non
896 1399 1170 1460 adramussim
1201 1402 1368 1447 ordinis
1391 1402 1512 1446 Geo-

253 1467 478 1529 graphici,
537 1476 583 1511 et
618 1468 996 1524 quemadmodum
1037 1467 1140 1512 libri
1174 1468 1237 1512 sui
1271 1466 1512 1525 profitetur

254 1533 440 1592 titulus,
491 1541 712 1578 terrarum
739 1537 904 1578 orbem
932 1542 1155 1592 tamquam
1187 1549 1319 1581 manu
1343 1536 1515 1579 circun-

253 1602 375 1648 duci.
444 1602 691 1646 Fatendum
711 1600 771 1646 est
793 1603 951 1652 etiam,
986 1603 1266 1662 Periegetam
1296 1600 1513 1649 nonnulla

254 1669 422 1717 leuiter
443 1674 619 1715 tantum
638 1666 845 1729 attigisse,
873 1670 1029 1727 quibus
1052 1680 1148 1713 erat
1170 1669 1334 1715 diutius
1357 1670 1516 1712 immo-

257 1736 475 1787 randum,
514 1736 570 1779 de
598 1735 823 1783 nonnullis
861 1738 1048 1782 omnino
1086 1734 1270 1787 siluisse‚
1300 1731 1516 1794 ¹quorum

259 1799 417 1851 saltem
449 1805 620 1849 mentio
654 1812 748 1848 erat
779 1804 1003 1854 faciendam
1053 1812 1210 1850 contra
1231 1811 1380 1848 autem
1402 1819 1517 1848 non·

260 1868 384 1919 nulla
407 1867 794 1922 commemorasse,
821 1872 960 1917 immo
983 1872 1141 1916 iisdem
1163 1885 1518 1919 commemoran-

261 1939 330 1985 dis
352 1939 639 1982 immoratum
662 1934 806 1989 fuisse,
841 1954 951 1997 quae
968 1970 981 1992 ‚
1019 1937 1049 1982 fi
1073 1954 1167 1986 non
1181 1939 1421 1991 reticenda,
1451 1946 1519 1986 ta·

264 2019 372 2053 men
394 2000 536 2048 essent
552 2004 716 2049 ,leuiter
739 2006 1028 2069 attingenda,
1079 2014 1302 2063 tamquam
1321 2006 1375 2051 ad
1400 2007 1518 2058 Geoff

265 2070 493 2133 graphiam
527 2074 670 2118 minus
705 2072 954 2129 spediantia·
1033 2075 1238 2130 Denique
1269 2088 1404 2131 quum
1436 2072 1521 2117 ho-

266 2139 421 2186 dierna
443 2149 586 2183 terrae
609 2141 736 2183 facies
761 2140 1066 2199 Geographica
1088 2141 1328 2186 admodum
1352 2139 1521 2186 diuersa

267 2205 322 2256 fit
341 2207 397 2258 ab¹
416 2204 511 2256 illa,
545 2221 675 2263 quam
701 2205 924 2264 descripsit
949 2206 1209 2267 Dionyfius3
1243 2204 1415 2251 necesse
1443 2205 1522 2260 est,

268 2282 320 2319 vt
365 2272 599 2334 Periegesis
632 2272 919 2330 Dionysiana3
1000 2274 1191 2332 persedia
1224 2273 1330 2321 licet
1361 2270 1523 2328 fuisset,

269 2341 420 2398 quoad
446 2340 770 2400 Geographiam
787 2351 1013 2393 veterem,
1073 2350 1223 2386 tamen
1259 2342 1404 2399 quoad
1428 2343 1524 2388 No-

268 2400 373 2453 uam
393 2407 567 2452 nonnisi
595 2423 744 2452 manca
779 2409 1005 2455 habeatur.
1087 2407 1277 2467 Singulis
1316 2408 1434 2452 hisce
1456 2410 1525 2452 in·

270 2475 516 2522 commodis
537 2475 732 2523 remedia
753 2471 915 2523 afferre
939 2490 1121 2537 operam
1133 2476 1237 2522 dedi
1252 2507 1266 2532 ,
1296 2478 1527 2536 corrigen-

1461 2542 1526 2590 d·

1743 2879 1748 2911 1

1742 2920 1748 2941 1

1745 2945 1748 2967 i

1742 2970 1748 3005 ι,
