1686 3025
425 247 753 295 ANTONJNtls
783 239 1089 298 LIBERALIS.'
1294 267 1311 300 ι
1325 267 1382 316 33

131 377 255 422 ribus
285 376 401 421 bene
427 375 691 434 disputauit,
739 382 786 420 et
811 374 929 421 suam
958 375 1204 421 editionem
1233 375 1384 423 inscri-

125 443 236 503 psit:
269 445 475 487 Antonini
498 439 704 486 Liberalis
727 444 1186 488 Transformationum
1200 445 1384 503 Conge-

126 513 240 565 ries,
273 514 518 569 interprete
539 510 793 570 Xylandr0‚
830 526 930 555 cum
955 510 1156 556 Thomae
1194 503 1385 556 Munke-

124 581 163 623 ri
187 581 328 632 notis,
364 581 518 638 quibus
539 578 628 622 suas
650 579 809 623 adiecit
830 577 961 623 Henr.
988 575 1195 639 Verhqyk,
1237 580 1381 640 Lugd.

122 647 213 691 Bat.
257 659 393 705 1774.
427 653 469 696 8.
538 645 729 689 Inseruit
757 643 1098 696 Hemsterhufii,
1151 647 1203 693 Is.
1235 647 1381 692 Tous-
1434 664 1436 666 ·

121 713 287 758 saind’tii
317 722 363 758 et
388 713 505 756 Petri
535 711 760 766 Fonteinii
780 719 908 755 notas
934 720 980 758 et
1001 714 1380 758 conieffiturasine-

122 781 252 826 ditas.
324 780 545 832 Quaedam
571 787 722 824 tamen
745 777 1035 836 culpanturin
1057 781 1235 826 censura
1247 781 1378 826 huius

120 848 358 900 editionis,
424 841 472 891 in
507 846 792 906 Gottingens.
828 845 1003 903 ephem.
1034 844 1222 893 litterar.
1254 847 1381 907 plag·

121 925 142 959 1
160 927 233 969 17.
260 930 298 960 a.
331 927 467 972 1775.
501 937 569 948 ·--
602 910 846 958 Nouissime
873 911 1134 970 opusculum
1156 915 1219 958 bis
1232 915 1379 962 edidit

114 976 221 1028 Lud.
244 980 378 1026 Henr,
415 977 672 1034 Teucherus,
725 979 767 1035 1)
797 995 896 1025 cum
921 983 1041 1026 notis
1063 980 1180 1027 Guil.
1210 980 1378 1040 Xylan-

114 1040 206 1100 dri,
243 1048 346 1094 Abr.
375 1046 583 1099 Berlt-eiii,
638 1048 724 1094 Th.
757 1047 964 1093 Niunkeri
997 1057 1045 1093 et
1079 1050 1222 1093 Henr.
1260 1049 1376 1094 Ver-

110 1114 275 1175 heykii.
312 1112 595 1162 Accesserunt
617 1115 781 1174 Aesopi
808 1114 976 1161 fabulae
1007 1114 1200 1173 aliquot,
1259 1130 1374 1174 quae

108 1183 159 1235 in
185 1183 478 1242 Aesopearum
508 1183 780 1229 editionibus
801 1181 914 1228 haud
936 1181 1176 1243 leguntur,
1226 1194 1274 1229 et
1294 1186 1374 1229 Ba-

112 1251 478 1312 briinonnullae3
511 1253 576 1308 (n.
591 1267 692 1310 quas
716 1250 947 1309 Tyrwhitt
969 1251 1186 1304 ediderat,
1221 1260 1268 1296 et
1282 1266 1375 1311 ego

111 1319 267 1362 recudi
297 1319 422 1375 feci.)
462 1317 626 1377 Lipsiae
669 1331 808 1376 ¹791·
842 1324 881 1368 8.
921 1315 972 1376 2)
1024 1326 1122 1364 tum
1159 1333 1371 1378 graecum

110 1384 282 1430 Anton.
307 1385 515 1430 Liberalis
546 1383 719 1431 textum
749 1385 1028 1445 correctum,
1080 1387 1269 1444 receptis
1301 1386 1370 1429 in-

109 1453 292 1497 terdum
313 1453 575 1498 certioribus
600 1453 855 1496 criticorum
869 1453 1250 1496 emendationibus
1266 1467 1370 1497 cum

110 1519 295 1564 Gabriae
316 1520 388 1564 seu
410 1517 571 1580 Ignatii
587 1518 771 1563 Diaconi
785 1519 935 1563 fabulis
959 1518 1152 1563 iambicis
1176 1519 1369 1564 tetrasti-

107 1585 198 1631 chis
221 1595 269 1633 et
293 1589 434 1630 Babrii
452 1585 691 1631 nonnullis.
723 1587 836 1642 Lips.
869 1599 958 1643 179
971 1599 1011 1632 ι.
1037 1591 1081 1637 8·

207 1698 247 1742 ς.
281 1686 365 1729 Res
384 1683 549 1741 lepidas
572 1692 621 1728 et
642 1683 754 1727 mire
775 1682 1004 1737 fabulosas,
1042 1685 1094 1728 ad
1107 1682 1365 1744 intelligen-

104 1751 187 1796 dos
209 1759 360 1797 tamen
390 1761 544 1810 poetas
581 1750 852 1810 mythosque
886 1748 1203 1809 antiquiffirnos
1241 1754 1366 1796 fabu-

102 1817 253 1876 lasque
274 1819 601 1879 cognoscendas
628 1818 735 1862 scitu
749 1817 863 1862 haud
884 1817 1060 1864 inutiles
1081 1820 1364 1864 iniucundas-

101 1901 216 1944 que,
251 1901 361 1944 quae
384 1887 439 1930 ad
459 1883 846 1945 inuestigationem
869 1885 1076 1929 scientiae
1109 1895 1156 1930 et
1177 1885 1362 1945 religio·

100 1954 169 1997 nis
191 1951 507 2011 antiquissimae
526 1955 639 1997 viam
655 1984 667 2005 ,
703 1950 818 2009 quasi
840 1954 1014 1997 munire
1038 1950 1225 2010 possint,
1259 1969 1361 1998 nar-

98 2028 170 2065 rat
187 2028 263 2064 aut
286 2023 432 2078 potius
457 2016 672 2080 congessit
707 2019 980 2065 Antoninus,
1055 2019 1187 2064 Stilus
1218 2022 1359 2079 igitur

101 2086 165 2131 est
182 2086 309 2131 valde
332 2087 570 2147 inaequalis
586 2119 598 2141 ,
630 2095 705 2146 et,
753 2089 960 2144 quoniam
979 2101 1004 2131 e
1025 2089 1172 2144 poetis
1209 2086 1358 2131 multis

99 2152 250 2200 sumsit
260 2189 273 2208 ‚
288 2173 292 2178 ’
305 2155 462 2200 multas
483 2154 715 2200 immiscuit
726 2157 922 2212 poeticas
934 2155 1110 2199 dicendi
1130 2154 1355 2202 formulas.

196 2254 246 2301 6‘.
281 2249 477 2297 Fabricii
489 2256 530 2299 Β.
558 2256 633 2300 Gr.
654 2253 755 2298 Vol.
772 2255 845 2298 ΙΙΙ.
870 2256 987 2301 Libr.
1003 2253 1076 2299 ΙΙΙ.
1100 2269 1136 2301 c.
1161 2268 1234 2310 27.
1251 2270 1354 2315 pag.

0 2311 21 2383 J
80 2306 213 2377 '3110
235 2321 328 2381 sqq.
363 2324 436 2365 vbi
460 2323 515 2365 de
538 2312 781 2380 Verheyki'i
806 2330 853 2366 et
873 2321 1096 2365 Teucheri
1127 2322 1227 2367 edd.
1253 2321 1354 2379 plu-

99 2402 147 2431 ra
159 2388 258 2432 dixi.
325 2390 454 2436 Adde
475 2389 531 2434 Io.
554 2388 667 2433 Guil.
681 2384 837 2433 thdou.
858 2386 1109 2433 Mellmann.
1122 2403 1354 2435 commen·-

99 2461 178 2500 tat.
204 2455 261 2498 de
286 2454 414 2500 caufis
437 2466 484 2501 et
505 2457 754 2500 auotoribus
782 2457 1082 2501 narrationum
1123 2457 1179 2501 de
1208 2465 1352 2501 muta-

97 2521 155 2568 tis
181 2523 334 2568 formis
354 2524 408 2568 ad
432 2522 730 2571 illustrandum
751 2525 936 2569 maxime
963 2532 1008 2570 et
1022 2524 1350 2574 diiudicandum

666 2593 688 2638 1
726 2605 748 2652 3
894 2620 898 2621 ν
1238 2606 1350 2652 opus
