1640 3030
296 260 779 310 THEOPHYLACTVS
806 260 1153 310 SJMOCATTA.
1252 274 1365 324 445.

632 394 673 442 §.
750 393 825 440 82.

266 475 307 517 T
314 472 785 521 HEOPHYLACTVS
819 475 988 521 SIMOC
997 474 1177 521 ATTA.

209 598 250 631 1.
273 588 469 632 Natione
504 589 775 646 Aegyptiust,
809 587 849 637 *)
885 586 1127 644 praeied‘tus
1152 592 1200 631 et
1220 585 1348 630 tabu-

100 649 246 707 larius,
271 655 378 700 vixit
397 655 590 699 adhuca.
606 657 656 702 C.
680 656 790 713 629.
807 655 1015 701 extremis
1029 651 1225 733 Heraclii
1245 662 1357 698 tem·

96 724 294 775 poribus.

199 801 243 833 2.
275 787 471 847 Reliquit
493 788 716 835 historiam
742 789 797 837 de
824 789 960 834 rebus
984 788 1181 834 Mauritii
1200 786 1356 832 catho-

98 853 226 900 licam
246 858 362 906 Libr.
374 857 489 900 vili.
510 858 729 904 naturales
751 856 1028 915 quaestiones
1042 866 1175 914 atque
1196 854 1357 913 episto·

97 921 174 969 las
234 961 236 966 .

93 1036 95 1039 ,
205 1001 246 1048 3.
289 985 594 1052 Theophylac'li
628 988 886 1032 Simocattae
923 990 1091 1034 omnia
1183 990 1355 1034 Graece

100 1066 156 1098 ex
202 1054 471 1102 bibliotheca
504 1057 550 1101 A.
575 1053 757 1112 Sclvotti,
812 1071 911 1101 curn
945 1057 1224 1115 praefatione
1256 1056 1358 1100 Iani

99 1119 304 1177 Gruteri‚
339 1126 455 1182 apud
490 1123 709 1170 Commel
760 1140 774 1168 1
791 1139 900 1183 599
930 1150 987 1159 —-
1056 1126 1251 1178 Eadem,
1300 1137 1356 1169 ex

99 1189 302 1234 versione
327 1191 461 1235 latina
481 1200 528 1235 et
553 1191 907 1251 castigationibus
932 1191 1014 1234 Ῑαε.
1042 1188 1356 1244 Kimendoncii,

100 1258 215 1312 apud
239 1257 462 1304 Commel.
500 1272 515 1300 1
531 1265 640 1316 598.
672 1265 713 1310 8.
783 1253 996 1316 Excerpta
1020 1267 1193 1303 tantum
1212 1274 1265 1303 ex
1289 1259 1355 1302 hi-

102 1322 230 1368 storia
255 1341 277 1368 a
295 1325 458 1371 Photio
481 1328 583 1369 cod.
609 1327 689 1384 65.
707 1328 818 1370 facta
843 1336 943 1370 curn
963 1325 1142 1383 reliquis
1168 1327 1356 1384 opuscu-

100 1388 150 1435 lis
173 1395 379 1438 continet
399 1393 471 1437 illa·
494 1394 635 1439 editio
655 1418 713 1433 --
762 1392 952 1454 Eclogae
969 1393 1355 1454 delegationibuS‚

0 1445 3 1512 f
63 1500 70 1501 ff
102 1474 173 1519 gr.
213 1469 262 1506 et
297 1458 370 1505 lat.
394 1459 476 1502 Iac.
502 1457 801 1504 Kimendoncio
826 1463 1106 1519 interprete,
1131 1464 1250 1506 inter
1273 1463 1355 1505 Ex-

102 1535 254 1586 cerpta
279 1527 336 1571 de
356 1527 682 1589 legationibus,
719 1542 742 1571 a
764 1525 875 1572 Phil.
900 1523 1054 1571 Labbeo
1083 1529 1153 1573 ed.
1223 1528 1359 1575 Paris.

108 1597 249 1654 1648.
288 1592 365 1641 fol
398 1621 455 1633 --
525 1594 740 1652 Historiae
773 1598 972 1641 Mauricii
1000 1596 1358 1654 Tiberiiimper.

101 1661 352 1708 Libr.V11L
377 1659 488 1707 item
504 1664 692 1724 Georgii
710 1663 927 1708 Phranzae
944 1663 1275 1709 Chronicorum
1301 1690 1357 1702 --

100 1723 223 1772 Libri
242 1731 320 1776 III
345 1728 534 1787 Epistola
561 1731 748 1789 Georgii
765 1732 1053 1787 Trapezuntii
1080 1740 1168 1775 etc.
1195 1744 1355 1791 graece

102 1800 150 1841 et
184 1795 272 1843 lat
297 1804 345 1842 et
377 1811 477 1841 cum
507 1799 627 1841 notis
654 1796 740 1841 Iac.
764 1795 977 1851 Pontani,
1006 1797 1191 1857 Ingolst
1223 1800 1355 1851 1604.

102 1877 150 1918 4.
174 1893 231 1903 -
277 1863 432 1909 histor.
459 1864 561 1908 libri
588 1865 706 1911 VIII.
733 1880 798 1924 gr.
825 1875 871 1910 et
902 1865 975 1911 lat.
992 1866 1149 1927 veditio
1176 1866 1353 1923 castiga-

101 1932 221 1985 tior,
263 1940 311 1977 et
345 1928 551 1992 glossario
577 1947 736 1992 graeco
753 1958 767 1965 -
785 1935 969 1978 barbaro
992 1934 1184 1984 audiior,
1212 1932 1354 1977 studio

103 2009 151 2044 et
172 2014 310 2057 opera
331 1998 476 2043 Caroli
490 1996 717 2043 Annibalis
729 1996 920 2055 Fabroti,
944 2000 1077 2048 Paris.
1113 2003 1252 2059 1647,
1281 2000 1358 2046 sol,

1261 2082 1356 2115 rect

156 2199 196 2246 *)
227 2199 556 2250 Theophyiactum
586 2207 700 2252 gente
732 2197 956 2252 Aegyptiam
986 2207 1101 2241 vocat
1130 2199 1288 2239 Photius
1312 2211 1357 2239 ex

213 2257 295 2305 ipso
318 2258 603 2307 Theophyiafto
624 2262 708 2297 VII.
736 2257 798 2296 16.
823 2272 906 2309 pag.
937 2265 1026 2306 184.
1050 2268 1161 2307 quem
1185 2257 1355 2304 sequitur

214 2310 405 2352 szricim
427 2312 504 2354 vol.
526 2318 587 2352 VI.
611 2328 649 2363 p.
669 2321 763 2358 280.
780 2312 968 2350 Hanckius
985 2311 1185 2351 taxnenlib.
1209 2316 1255 2349 de
1269 2314 1354 2354 By70

212 2369 345 2408 histor.
379 2369 554 2418 scriptor.
585 2383 668 2419 cap.
702 2380 741 2420 9.
766 2383 852 2421 pag.
886 2377 976 2419 187.
1014 2383 1057 2407 ex
1076 2375 1165 2407 loco
1188 2370 1355 2417 quodam

214 2425 349 2472 parum
382 2429 581 2463 emendato
613 2425 892 2475 problematum
927 2428 1153 2464 simoi-actae
1183 2423 1355 2471 phylico-

217 2490 302 2520 rum
331 2480 372 2518 in
402 2482 602 2530 prooemio
633 2495 719 2533 pag.
754 2491 791 2522 2.
814 2484 871 2520 ed.
897 2484 1081 2521 Commel.
1103 2481 1235 2522 tradit,
1267 2488 1355 2518 eum

214 2534 328 2572 fuiss'e
354 2539 476 2585 patria
505 2537 741 2587 Locrensem
763 2548 887 2588 atque
916 2540 1136 2586 Hunckiuim
1174 2541 1369 2588 sequutus,

217 2590 367 2631 videtur
400 2590 534 2640 Saucius
556 2595 597 2632 in
619 2597 754 2640 Onom.
782 2599 828 2635 ΙΙ.
855 2606 940 2647 pag.
969 2602 1033 2644 73.
