1686 3025
657 255 881 306 SEXTVS.
1303 268 1357 299 21
1375 266 1394 300 1

138 383 217 432 fiit.
286 388 550 444 Fragmenta
567 398 675 428 vero
698 399 750 427 ex
775 383 867 427 eius
903 377 1296 425 declamationibus
1322 394 1392 423 re-

137 455 370 511 periuntur
402 456 447 495 in
481 451 629 493 Leonis
673 449 831 492 Allatii
869 448 1092 505 Excerptis
1128 461 1392 505 graecorum

137 520 433 577 sophistarum
458 529 504 562 ct
524 519 796 571 Rhetorurn‚
830 519 994 560 Romae
1023 515 1160 571 1641.
1189 519 1230 564 8.
1259 514 1392 558 Conf.

137 585 440 644 Philostratmn
474 587 529 629 de
564 585 769 644 sophistis
795 586 912 630 Libr.
941 586 992 626 ΙΙ.
1019 597 1117 642 pag.
1142 588 1250 638 585.
1278 586 1393 638 588·

137 656 202 713 sq.
236 679 300 689 --
334 649 526 696 Fabricii
546 655 590 696 B.
613 655 688 698 Gr.
712 649 910 696 Libnlv.
932 649 1138 695 VOLIIH.
1154 663 1252 708 pag.
1277 661 1392 708 409.

137 723 201 781 sq.
228 748 291 766 e-
324 721 450 764 Saxii
467 720 630 765 Onom.
658 719 774 765 liter.
797 720 829 764 Ι.
861 733 960 777 pag.
990 722 1101 777 328.

674 855 713 907 ς.
745 837 750 840 ’
782 850 858 896 66.

648 939 877 985 SEXTVS.

244 1065 285 1098 1.
319 1050 442 1099 Vixit
467 1054 567 1098 circ.
590 1068 626 1098 a.
653 1053 704 1097 A
732 1064 839 1110 190

237 1134 281 1167 2.
318 1123 518 1165 Medicus
540 1121 773 1178 empiricus
805 1126 852 1164 et
883 1116 1169 1177 philosophus
1201 1114 1393 1177 Pyrrho-

136 1189 258 1233 nius:
295 1205 388 1233 non
412 1190 659 1233 miscendus
681 1202 781 1231 cum
803 1186 894 1230 aliis
917 1188 1080 1239 Sextis,
1149 1186 1204 1228 de
1233 1187 1409 1242 quibus‘

136 1255 353 1316 diligente
358 1273 379 1300 r
406 1272 476 1316 eg=
467 1258 500 1301 .t
518 1257 663 1299 Saxe
651 1270 699 1299 1n
713 1253 935 1300 Onomast.
951 1253 1079 1298 liter.
1101 1253 1132 1299 Ι.
1153 1268 1253 1330 pag
1280 1266 1394 1311 333.

239 1338 283 1398 3
318 1323 492 1381 Scripsit:
516 1326 588 1371 Πυ
596 1341 643 1386 ξς
658 1341 801 1369 ωνεαων
823 1338 1140 1369 υποτυπωσεων
1169 1311 1193 1373 ἢ
1216 1334 1398 1366 σκεπτι-

136 1409 221 1438 κων
240 1382 590 1452 ὑπομνημάτων,
624 1389 668 1433 h.
696 1405 732 1433 e.
749 1386 1043 1448 Pyrrhoniani
1063 1381 1275 1449 ciompend
1275 1390 1295 1429 i
1310 1383 1400 1438 suo

137 1467 392 1500 commentar
394 1454 816 1518 iorumsceptzcorum
835 1451 965 1497 libros
985 1465 1092 1507 tres,
1129 1462 1177 1499 et
1187 1455 1398 1498 aduersus

139 1523 502 1577 mathematicos,
534 1523 577 1567 h.
600 1539 639 1567 e.
652 1525 821 1568 artium
844 1530 892 1566 et
924 1521 1395 1566 doctrinarumdoxsto-

138 1601 235 1649 res,
270 1591 302 1637 s.
327 1592 402 1647 qui
425 1589 668 1645 disciplinas
691 1588 984 1645 profitentur,
1011 1589 1109 1632 libr.
1129 1591 1204 1632 XI.

240 1671 287 1714 4.
319 1656 437 1698 Sexti
456 1656 662 1716 Empirici
681 1654 1022 1713 Pyrrhoniarum
1047 1655 1396 1714 hypotyposeon

138 1723 324 1770 libriIII.
348 1722 491 1771 lat,ab
508 1717 880 1783 Henr.Stcphan0.
916 1722 1079 1765 Excud.
1102 1724 1162 1764 H.
1183 1723 1400 1780 Stepham

146 1793 290 1850 1562.
321 1797 364 1842 8.
397 1814 464 1824 —
492 1789 614 1834 Sexti
633 1788 798 1850 Empir.
824 1809 892 1823 -—
927 1789 1128 1832 aduersus
1155 1789 1398 1833 mathema-

140 1862 254 1905 ticos
279 1881 320 1891 —
344 1873 502 1918 graece
545 1871 813 1914 numquam,
873 1855 1011 1900 latine
1046 1871 1164 1899 nunc
1199 1859 1400 1913 primum*

137 1928 324 1978 editum,
361 1926 568 1967 Gentiano
591 1924 770 1966 Herueto
784 1923 949 1965 Aurelio
974 1926 1238 1980 interprete.
1273 1925 1398 1968 Eius-

142 1996 246 2039 dem
268 1993 388 2035 Sexti
408 1991 750 2048 Pyrrhoniarum
771 1990 1226 2050 hypotyposeonlibri
1239 2002 1327 2035 tres
1339 2007 1402 2022 -·-

140 2064 390 2118 interprete
415 2059 547 2102 Henr.
582 2055 800 2120 Stephano,
849 2055 1034 2102 Accessit
1069 2068 1115 2102 et
1153 2058 1396 2117 Pyrrhonis

141 2131 258 2186 vita,
293 2142 345 2171 ex
372 2127 575 2187 Diogene
599 2125 790 2172 Laertio,
832 2148 900 2158 -—-·
933 2128 1046 2170 Item
1072 2122 1247 2166 Claudii
1272 2125 1397 2167 Gale-

140 2199 192 2240 ni
222 2197 483 2254 Pergameni
526 2201 682 2237 contra
727 2194 997 2238 academicos
1031 2201 1078 2236 et
1109 2189 1396 2250 Pyrrhonios‚

141 2262 196 2309 D.
220 2263 393 2305 Erasmo
428 2256 625 2304 Rocerod,
658 2261 924 2315 interprete.
970 2261 1098 2302 Paris.
1139 2259 1278 2316 1569.
1318 2258 1398 2303 sol.

145 2330 247 2374 sunt
267 2327 493 2387 exempla,
528 2342 638 2386 quae
659 2328 704 2370 in
724 2326 856 2371 titulo
886 2326 1076 2370 habeant
1110 2324 1397 2383 Antwerpiae

153 2397 284 2455 1569.
305 2398 360 2439 de
385 2411 467 2453 qua
489 2410 582 2439 rara
608 2396 715 2439 edit.
741 2395 841 2437 vide
866 2393 992 2436 Stolle
1027 2390 1278 2438 Nachri'cht.
1303 2388 1398 2437 ron

147 2464 237 2507 den
263 2463 392 2507 Biich.
418 2464 560 2506 seiner
586 2461 690 2507 Bibl.
717 2460 805 2506 vol.
847 2475 880 2505 1.
904 2477 1004 2520 pag.
1029 2472 1256 2517 75—77.
1283 2461 1396 2504 adde

145 2524 331 2574 Scheibcl
365 2528 620 2589 Einleitung
661 2544 736 2572 zur
769 2529 1025 2575 mathemat.
1058 2525 1396 2584 Biicherkunde,

595 2644 601 2653 ¹
679 2597 719 2641 O
759 2609 784 2639 2
1284 2605 1397 2654 parc.
