1753 3005
711 231 952 302 'STRABQ
1404 231 1462 300 ιι]

211 385 258 428 in
280 377 389 429 cod.
421 379 550 440 regio
588 380 739 439 prouti
767 377 914 432 exstat,
947 370 1190 437 vulgatum.
1220 398 1280 409 --
1312 370 1469 418 Petrus·

211 451 434 494 Burmann
454 449 505 492 ad
531 448 694 495 Valerii
715 446 851 491 Flacci
864 449 1107 505 Argonaut.
1128 444 1199 489 IV.
1224 441 1335 500 698.
1360 457 1467 486 con-

212 513 493 563 tra'Hilliurn
514 516 673 568 docet,
707 511 968 574 Dionysium
988 510 1195 564 nostrum.
1216 524 1311 557 non
1343 506 1468 557 fuiffe

213 586 479 644 Byzantium.

722 722 961 851 ST§RA1}O.

327 929 365 961 1.
388 907 574 963 ⁸Floruit
595 918 670 962 sub
695 914 892 978 Augusto
918 922 967 960 et
986 915 1198 969 Tiberio,
1232 914 1475 971 imperato-

219 985 352 1031 ribus.
428 986 524 1043 Ipse
551 985 648 1032 libr.
670 986 742 1029 IV.
774 986 940 1045 Geogr.
965 998 1063 1043 pag.
1092 983 1199 1042 316.
1227 985 1273 1026 B.
1297 983 1478 1033 indicat,

218 1053 264 1096 se
289 1054 344 1097 A.
371 1051 425 1097 V.
451 1052 503 1098 C.
525 1066 638 1111 771.
703 1052 780 1110 qui,
811 1050 873 1095 est
903 1066 1039 1094 annus
1073 1048 1185 1095 XiX.
1217 1049 1315 1106 post
1348 1047 1477 1094 Chri-

141 1120 143 1125 '
219 1118 331 1164 stum
355 1128 509 1165 natum
529 1129 576 1165 et
601 1121 778 1178 quintus
805 1120 1073 1177 principatus
1095 1119 1280 1170 Tiberii,
1312 1116 1476 1160 librum

220 1187 347 1232 suum
371 1196 576 1246 quartum
602 1182 821 1244 scripsisse.
855 1189 926 1231 De
951 1194 1096 1245 aetate
1121 1186 1347 1242 patriaque
1362 1184 1479 1227 Stra-

224 1255 354 1298 bonis
382 1254 546 1301 multus
574 1254 660 1308 est,
713 1253 820 1298 locis
847 1269 900 1298 ex
920 1255 1136 1299 Strabone
1155 1253 1249 1310 ipso
1270 1249 1481 1309 colledii5‚

226 1329 275 1365 et
297 1336 469 1367 errores
484 1323 702 1367 Athenaei
725 1331 858 1380 atque
893 1321 1104 1365 Francisci
1133 1319 1307 1365 Patricii
1334 1316 1481 1363 reuel-

226 1386 321 1433 lere
343 1387 488 1434 studet
505 1389 725 1446 Marst'lz'ur
749 1388 965 1448 Cagnatus
985 1390 1031 1432 in
1057 1388 1183 1432 variis
1207 1386 1481 1430 obseruatio-

227 1456 382 1509 nibus,
438 1454 537 1500 libr.
560 1459 632 1502 ΙΙΙ.
661 1470 750 1517 cap.
775 1469 848 1501 20.
873 1470 971 1520 pag.
994 1468 1083 1518 243
1100 1467 1289 1517 ——259.
1313 1456 1480 1498 Romae

236 1529 377 1581 1587·
407 1528 449 1572 8-
540 1528 544 1530 ’

329 1601 374 1632 2.
409 1589 550 1632 Patria
571 1589 655 1633 fuit
677 1585 841 1632 Amafla
855 1619 869 1641 ‚
921 1589 1224 1646 Cappadociae
1257 1584 1345 1631 fiue
1368 1590 1484 1632 Pon-

229 1656 266 1701 ti
286 1657 409 1706 vrbs,
459 1654 577 1699 vnde
608 1655 796 1712 Iosepho
829 1662 877 1699 et
910 1654 1001 1698 aliis
1037 1656 1199 1699 dicitur
1231 1656 1482 1712 CappadOX.

229 1725 504 1780 Quamquam
523 1721 838 1780 philosophum
854 1721 1484 1780 peripateticumllenarchum

229 1788 555 1834 Seleuciensem
574 1791 825 1836 audiuerat:
871 1790 1125 1835 Stoicorum
1154 1800 1304 1834 tamen
1328 1788 1486 1846 placita

230 1856 415 1902 sectatus
448 1855 535 1901 est:
591 1873 783 1915 quorum
828 1872 1028 1902 amorem
1065 1853 1279 1901 instillasse
1308 1857 1488 1901 videtur

231 1924 577 1978 Athenodorus,
611 1924 786 1970 celeber
813 1925 889 1969 sub
910 1924 1106 1985 Augusto
1130 1927 1315 1976 Stoicus,
1352 1939 1487 1982 que-m

233 1989 403 2055 ἕτοὲἶξον
437 1991 561 2036 suum
594 2002 736 2038 vocat.
809 1995 974 2037 Itinera
1009 1997 1094 2050 per'
1127 2007 1329 2052 magnam
1365 1993 1486 2036 orbis

233 2068 408 2119 partem
428 2059 472 2103 se
493 2056 722 2118 suscepiss'e
742 2069 788 2106 et
810 2060 864 2104 ad
889 2070 1084 2105 extrema
1118 2060 1383 2117 Aethiopiae
1413 2075 1488 2104 ve·

234 2121 360 2180 niffe,
396 2127 487 2184 ipse
500 2127 704 2173 testatur:
738 2131 880 2173 Trans
899 2127 1032 2186 Alpes
1046 2138 1195 2174 tamen
1208 2128 1488 2172 Germaniam

236 2209 333 2238 non
355 2195 476 2239 adiit.
547 2198 663 2240 Hinc
683 2198 728 2240 in
751 2197 1061 2253 descriptione
1087 2196 1346 2241 Germaniae
1378 2193 1489 2239 mul-

235 2270 308 2308 tos
341 2260 558 2307 commisit
592 2278 793 2318 errore5‚
850 2271 898 2308 et
929 2266 1151 2307 minorem
1184 2263 1318 2307 habet
1336 2260 1489 2317 fidem,

240 2344 370 2387 quam
393 2332 441 2375 in
461 2330 754 2374 describendis
778 2330 955 2389 reliquis
979 2333 1248 2390 regionibus.

347 2411 387 2456 3.
423 2399 570 2442 Vnum
594 2407 766 2443 tantum
792 2399 1013 2456 scriptoris
1044 2399 1170 2443 huius
1198 2397 1346 2442 eximii
1378 2411 1490 2456 opus

241 2463 296 2510 ad
327 2479 409 2508 nos
447 2468 676 2524 peruenit,
729 2465 831 2514 libri
862 2466 995 2515 XVII.
1029 2463 1379 2536 γεωγςωφικεῧν,
1439 2460 1490 2509 de

243 2527 521 2599 Geographia.

1333 2614 1380 2661 4.
1413 2600 1493 2645 La*
