1640 3030
607 255 886 313 LIBANIVS.
1281 276 1335 325 31
1347 272 1377 323 ς
1408 296 1410 299 -

120 390 314 448 primum
339 389 509 442 editae,
539 388 639 446 heic
660 389 808 436 autem
844 391 1018 450 integra
1044 388 1376 448 propemodum

121 460 323 502 centuria
354 473 407 501 ex
440 459 531 503 MS
565 459 742 512 aliciae,
796 456 977 503 Amstel
1026 463 1164 523 1738.
1196 453 1274 500 fol.
1308 478 1378 491 ··--

119 527 438 586 Fragmentum
461 527 686 583 quoddam
704 528 729 568 Ι
730 527 875 569 ibanii
901 540 1001 569 cum
1021 513 1221 569 verfione
1242 522 1379 568 latina

123 600 172 637 et
194 594 330 646 notis,
371 592 513 637 lucem
536 596 727 651 primum
749 593 892 650 adspe:
890 595 943 637 it
978 593 1037 636 in
1051 592 1294 637 Anecdotis
1324 590 1379 635 li-

123 662 294 705 terariis
329 676 381 704 ex
415 661 532 706 MSS.
582 662 713 706 codd.
753 662 888 705 erutis
928 662 1061 704 Tom.
1101 661 1176 704 ΙΙΙ.
1211 662 1380 704 Romae

68 762 79 765 „
130 740 271 785 1774.
304 751 372 761 --
438 723 611 770 Libaniz·
644 730 789 772 oratio
826 728 1075 777 defensoria
1109 735 1193 774 etc.
1227 742 1250 771 e
1276 727 1378 773 cod.

7 837 9 844 ,
47 851 49 854 v
120 795 331 840 Bauarico
357 797 549 852 primum
571 798 687 842 edita
721 798 773 839 ab
795 792 1016 852 Ermstma
1041 790 1195 851 Chrzst.
1216 793 1380 847 Barke,

122 860 290 918 Lipsiae
331 875 470 919 1775.
498 870 538 914 8.
612 866 739 907 Haec
773 865 905 907 etiam
937 863 1123 914 femina,
1163 861 1284 905 sexus
1317 861 1383 906 sui

122 937 453 980 ornamentum,
487 929 635 987 postea
660 930 794 973 edere
834 931 984 986 coepit
1014 929 1183 972 Libanii
1215 930 1383 973 oratio-

123 1009 202 1039 nes
225 1003 271 1041 et
293 993 651 1050 declamationes,
687 995 838 1041 multis
874 987 1117 1044 οἰνεκὸἑτοις
1147 994 1383 1056 insigniter:

122 1062 281 1122 ancia,
319 1077 367 1109 et
389 1079 413 1106 a
434 1065 564 1108 beato
587 1064 665 1108 suo
684 1065 844 1108 marito
857 1063 1133 1115 emendatas,
1170 1071 1303 1121 atque
1330 1061 1385 1109 il-

123 1129 348 1176 lustratas:
388 1129 588 1191 Reiskius
613 1133 732 1175 enim
755 1147 780 1175 e
806 1131 878 1176 sex
890 1132 1131 1186 codicibus,
1157 1132 1204 1175 in
1219 1131 1394 1188 quibus-

127 1206 176 1243 et
200 1199 464 1257 antiquitate
486 1208 534 1243 et
558 1198 752 1244 Vtilitate
779 1201 929 1244 critica
955 1197 1173 1256 praestitit
1197 1197 1384 1255 reliquis

127 1263 240 1310 alter
262 1281 315 1310 ex
342 1265 615 1326 Augustanis‚
635 1268 722 1310 iam
741 1265 938 1327 vulgatas
971 1274 1061 1311 tam
1088 1265 1384 1311 correctiores

47 1342 49 1345 ⁴
130 1348 261 1390 quam
281 1332 506 1390 pleniores
532 1335 683 1388 edere,
721 1341 769 1380 et
800 1335 899 1380 alias
921 1334 1018 1383 ⁸huc
1030 1349 1168 1392 Vsque
1193 1333 1385 1377 ineditas

127 1399 293 1458 publici
317 1402 422 1444 iuris
447 1401 811 1449 facereinstituit.
882 1400 965 1446 Illo
1002 1409 1151 1446 autem
1184 1407 1391 1453 mortuo,

127 1467 275 1511 lucem
296 1468 494 1525 adspexit
512 1468 782 1521 volumenff,
806 1470 1095 1528 inscriptum:
1122 1463 1298 1511 Libaniz·
1311 1463 1387 1524 so-

121 1531 288 1598 phistae
311 1532 536 1581 orationes
562 1546 608 1582 et
628 1536 985 1590 declamationes,
1017 1538 1071 1581 ad
1094 1535 1229 1580 fidem
1251 1535 1392 1581 codd.

129 1611 253 1648 msst.
275 1604 519 1657 recensuit,
555 1612 601 1649 et
623 1613 840 1662 perpetua
876 1604 1172 1651 adnotatione
1203 1601 1390 1647 illustra-

129 1671 198 1714 uit
219 1668 274 1712 Io.
295 1668 382 1719 Iac,
404 1669 564 1723 Reme,
599 1670 885 1732 Altenburgi,
921 1671 1048 1716 sumt.
1081 1679 1129 1715 et
1148 1669 1308 1715 litteris
1332 1671 1392 1716 G.

128 1738 183 1782 E.
216 1735 413 1782 Richter.
457 1743 595 1796 1784.
633 1740 730 1784 mai.
766 1753 813 1796 4.
848 1753 1019 1799 graece.
1086 1737 1283 1782 Praefata
1324 1734 1387 1780 est

129 1801 352 1860 Ernestina
378 1800 624 1859 Christiana
642 1805 833 1863 Rcislzz‘a,
870 1821 981 1864 quae
1003 1806 1194 1862 primum
1216 1805 1274 1848 de
1297 1804 1392 1848 edi-

130 1873 188 1917 tis
211 1867 487 1916 orationibus
520 1881 568 1918 et
592 1874 832 1927 codicibus,
880 1889 991 1932 quos
1011 1870 1205 1918 contulit
1231 1869 1393 1929 Reike,

129 1940 250 1999 agit3
286 1947 383 1983 tum
405 1942 572 1999 repetit
592 1941 746 1986 titulos
769 1948 817 1986 et
840 1943 1087 2001 fragmenta
1108 1954 1273 1992 earum,
1293 1955 1394 1996 par·

131 2008 217 2051 tim
250 2007 533 2062 ineditarum,
567 2008 968 2061 declamationum,
1005 2023 1108 2066 quas
1132 2006 1213 2052 cel.
1241 2005 1395 2050 Villoi-

122 2070 207 2132 son
230 2074 278 2117 in
300 2076 544 2119 Anecdotis
568 2091 635 2135 gr.
661 2085 772 2122 tom.
793 2078 846 2123 ΙΙ.
870 2091 970 2136 pag.
998 2087 1015 2117 1
1033 2088 1070 2118 1.
1105 2075 1198 2136 sqq.
1224 2090 1277 2118 ex
1300 2076 1396 2118 Ma«

131 2142 236 2185 carii
258 2140 602 2201 Chrysocephali
629 2136 844 2195 'Posi‘wvaocc
867 2142 1166 2200 excerpserat3
1201 2143 1397 2199 denique

135 2210 375 2262 rationem,
398 2225 529 2268 quam
542 2210 631 2267 ipsa
658 2225 759 2254 cum
773 2212 933 2255 marito
958 2210 1004 2253 in
1024 2210 1323 2254 describendis
1350 2216 1398 2254 et

137 2277 413 2337 corrigendis
469 2279 746 2322 orationibus
806 2278 989 2335 sequuta
1049 2275 1125 2334 est,
1194 2272 1396 2334 explicat.

137 2343 267 2393 Hanc
289 2346 617 2403 praefationem
651 2345 814 2404 excipit
839 2347 929 2390 vita
953 2343 1151 2398 Libanii,
1186 2359 1240 2389 ex
1268 2342 1399 2390 huius

1266 2411 1402 2457 orati-

251 2516 347 2557 rior·
375 2520 470 2570 pag,
497 2527 590 2569 532
623 2517 780 2562 Ianozki
796 2519 1006 2561 Nachricht
1036 2533 1117 2560 von
1137 2531 1254 2561 raren.
1271 2518 1409 2557 Polni-

248 2575 364 2612 scheri
396 2577 573 2614 Biichern
606 2584 678 2616 eec.
715 2585 814 2629 part.
847 2582 895 2617 ΙΙ.
925 2590 1013 2629 pag
1045 2580 1112 2623 81·
1135 2578 1217 2627 sqq·
1275 2571 1399 2631 Wolf

250 2628 292 2672 ln
314 2630 436 2685 praef
457 2635 505 2672 ad
526 2633 708 2674 maiorem
731 2635 985 2686 Epistolarum
1009 2634 1230 2677 editionem
