1686 3025
387 259 662 307 CLAVDIVS
694 255 1081 306 PTOLEMAEVS.
1256 270 1283 308 ,ι
1301 271 1358 317 57

103 387 219 433 didit
245 392 292 433 et
311 387 639 431 commentariis
675 383 904 429 illustrauit
938 379 1092 425 Ismael
1107 379 1362 438 Bullialdus‚

102 453 231 499 Paris.
269 455 406 515 1663.
430 470 478 512 4.
504 462 553 499 et
583 468 682 498 curn
703 468 822 496 noua
855 450 1096 511 epigraphe
1121 449 1208 496 flue
1239 452 1361 498 tituli

104 519 292 583 plagella
334 527 468 574 1681.
490 533 531 574 4.

205 588 428 650 Catalogur
457 586 647 644 fixarum
670 583 921 642 stellarum,
958 601 1144 646 graece,
1190 586 1243 632 ad
1281 585 1365 632 cal·

106 672 203 702 cem
226 660 358 702 Tom.
383 659 455 701 111.
480 657 648 715 Geogr.
674 669 818 714 graec.
855 653 910 697 Io,
933 651 1123 711 Hndson.

211 738 250 782 ς.
284 719 478 766 Fabricii
502 722 543 766 B.
571 725 645 767 Gr.
671 720 767 764 Vol.
797 721 870 764 ΠΙ.
895 722 1012 766 Libr.
1038 725 1111 768 IV.
1125 738 1222 782 pag.
1251 735 1364 781 411·

105 791 199 850 sqq.
233 786 459 850 Hambcrg.
495 796 543 838 Z.
574 792 630 835 N.
661 787 766 834 Vol.
798 789 855 833 11.
893 802 993 846 pag.
1032 792 1142 843 362.
1175 791 1265 847 sqq.
1305 814 1364 824 --

115 854 306 901 Weidler.
327 859 374 902 in
407 857 613 912 bibliogr.
640 854 943 900 astronomica.
958 855 1251 912 supplement.
1264 873 1365 916 pag.
1421 898 1424 907 ,,

8 970 14 976 ,
105 939 153 975 7.
183 925 242 982 sq.
279 947 340 959 -
414 924 470 968 Io.
508 938 589 967 von
624 919 700 965 der
736 921 890 982 Hagen
928 919 1046 966 Obff.
1083 925 1130 967 in
1165 924 1365 968 Theonis

105 991 249 1037 Fastos
274 1006 456 1052 graecos
481 994 651 1049 priores
679 997 727 1035 et
762 989 807 1033 in
839 991 1036 1034 eiusdem
1067 994 1367 1051 fragmentum

105 1057 155 1103 isi
178 1059 420 1117 Expeditos
445 1072 649 1103 canones.
718 1058 904 1102 Accedit
929 1058 985 1101 de
1010 1072 1182 1103 canone
1206 1073 1365 1117 regum

106 1126 405 1172 astronomico
423 1160 434 1179 ,
495 1129 678 1184 eiusque
740 1125 1014 1178 auctoribus,
1079 1127 1367 1184 editionibus,

107 1196 267 1248 ivistis,
298 1203 346 1239 et
376 1209 487 1252 quae
507 1210 563 1238 eo
586 1192 841 1251 pertinent,
877 1189 968 1236 diff.
1007 1195 1054 1236 in
1087 1210 1169 1252 qua
1203 1194 1366 1251 duplex

110 1276 254 1304 canon
277 1277 437 1324 regum
458 1260 773 1306 astronomicus
800 1261 992 1317 primum
1014 1261 1157 1306 editus
1182 1276 1235 1305 ex
1263 1262 1366 1307 cod.

111 1329 240 1373 MSto
263 1330 484 1388 Lugduno
509 1325 676 1373 Batauo
702 1336 747 1373 et
783 1328 978 1371 eiusdem
1001 1344 1179 1386 quoque
1203 1329 1365 1373 codicis

77 1435 79 1439 ,
112 1393 253 1451 ampla
279 1397 440 1439 notitia
463 1386 711 1448 exhibetur,
742 1393 916 1438 Amstel.
949 1407 1087 1451 1735.
1130 1422 1170 1432 -
1241 1395 1369 1439 Saxii

113 1461 340 1507 Onomast.
370 1461 435 1506 lit.
458 1459 495 1507 I.
519 1477 619 1528 pag
648 1474 756 1520 31.4
824 1461 866 1502 E.
895 1461 948 1505 D
975 1456 1140 1504 Hiberi
1170 1462 1368 1507 Historie

113 1530 196 1573 der
220 1529 553 1585 Landcharten,
589 1537 700 1585 part.
724 1530 756 1572 Ι.
793 1528 900 1574 sect.
938 1530 1013 1572 III.
1053 1545 1152 1590 pag.
1191 1542 1266 1574 22.
1301 1552 1368 1564 --

115 1596 240 1639 conr.
263 1595 493 1641 Mannerts
512 1593 793 1650 Geographie
816 1596 896 1638 der
918 1596 1138 1640 Griechen
1165 1595 1254 1641 vnd
1282 1600 1370 1642 Ro-

113 1678 239 1716 mer,
282 1669 380 1720 part
425 1660 455 1702 1.
486 1662 763 1720 Noribergae
796 1666 931 1713 1781.
961 1668 1001 1711 8.
1038 1678 1137 1721 pag.
1178 1672 1264 1715 128
1303 1687 1372 1699 —-

121 1738 227 1788 184.
257 1729 314 1773 de
344 1725 587 1790 Ptolemaei
631 1726 900 1787 geographia
934 1743 1017 1788 pag
1076 1741 1182 1787 177.
1210 1732 1373 1777 adserit

114 1796 190 1841 ille
212 1795 469 1842 Ptolemaeo
491 1795 653 1840 librum
680 1796 885 1839 octauum
912 1797 1162 1854 indicatque
1191 1798 1246 1842 de
1280 1801 1372 1857 qui·

117 1864 300 1908 busdam
346 1864 647 1918 editionibUS,
698 1870 748 1907 et
791 1863 948 1908 additis
990 1864 1147 1909 tabuiis
1185 1881 1374 1926 geogra-

117 1931 271 1990 phicis.
321 1955 364 1965 —
433 1929 626 1985 Salmasii
650 1938 776 1976 notas
798 1931 1112 1977 mstasin‘Ptol.
1128 1934 1374 1993 geograph.

118 2014 146 2043 e
170 1999 270 2043 cod.
295 1997 424 2045 Palat.
451 1999 562 2044 vidit
583 2001 767 2058 Magnus
789 1997 963 2042 Crufius
987 2001 1033 2042 in
1067 2000 1170 2046 bibl.
1197 2002 1376 2045 Bouhe-

121 2067 190 2118 rii,
232 2068 394 2110 Dinon.
418 2075 613 2111 notante
655 2063 833 2109 mitiore
866 2063 990 2119 libri,
1047 2068 1266 2128 Beytr‘age
1297 2084 1373 2113 zur

120 2133 317 2178 Historie
335 2134 415 2176 der
440 2132 711 2189 Gelahrheit,
741 2143 851 2189 part.
870 2134 924 2177 ΙΙ.
954 2136 1203 2195 Hamburgi
1234 2142 1373 2193 1748.

122 2215 222 2259 pag.
261 2207 338 2252 82.
376 2223 441 2234 -
530 2200 587 2244 Io.
623 2193 850 2260 Christoph.
895 2196 945 2241 de
974 2198 1131 2244 Iordan
1164 2205 1211 2246 in
1242 2205 1374 2248 tertia

124 2269 269 2325 operis
294 2269 351 2311 de
385 2269 629 2328 originibus
657 2265 831 2311 Slauicis
857 2277 995 2324 parte
1024 2281 1134 2326 quae
1169 2272 1376 2316 continet

102 2324 381 2391 ¹adparatum
425 2334 800 2395 geographicum‚
867 2345 1044 2378 veteres
1089 2337 1377 2396 geographos

60 2449 80 2461 Ν,
128 2404 377 2458 cumprimis
403 2403 701 2448 Ptolemaeum
723 2404 782 2446 de
805 2403 934 2446 terris
956 2404 1156 2461 Europae
1186 2405 1379 2462 septem·

127 2468 351 2514 trionalib.
366 2471 493 2528 saepe
516 2469 745 2514 illustrauit
768 2471 874 2512 etin
899 2469 998 2514 sedi.
1019 2473 1111 2515 XV.
1135 2487 1234 2531 pag.
1265 2487 1280 2516 1
1310 2494 1378 2506 —·-

131 2546 209 2592 29.
232 2537 451 2594 generalia
476 2537 529 2583 ad
551 2537 794 2584 Ptolemaei
816 2537 1131 2598 geographiam
1157 2540 1293 2586 dedit.
1311 2560 1380 2572 --

1263 2601 1382 2653 Num
