<?xml version="1.0" encoding="UTF-8"?>
<!DOCTYPE html PUBLIC "-//W3C//DTD XHTML 1.0 Transitional//EN"
    "http://www.w3.org/TR/xhtml1/DTD/xhtml1-transitional.dtd">
<html xmlns="http://www.w3.org/1999/xhtml" xml:lang="en" lang="en">
 <head>
  <title>
</title>
<meta http-equiv="Content-Type" content="text/html;charset=utf-8" />
  <meta name='ocr-system' content='tesseract 3.04.00' />
  <meta name='ocr-capabilities' content='ocr_page ocr_carea ocr_par ocr_line ocrx_word'/>
</head>
<body>
  <div class='ocr_page' id='page_1' title='image "./p1theophilichristo02harluoft_0328.png"; bbox 0 0 1686 3025; ppageno 0'>
   <div class='ocr_carea' id='block_1_1' title="bbox 269 230 1034 299">
    <p class='ocr_par' dir='ltr' id='par_1_1' title="bbox 269 230 1034 299">
     <span class='ocr_line' id='line_1_1' title="bbox 269 230 1034 299; baseline -0.007 -19"><span class='ocrx_word' id='word_1_1' title='bbox 269 233 365 299; x_wconf 79' lang='lat'><strong>316.</strong></span> <span class='ocrx_word' id='word_1_2' title='bbox 516 267 524 276; x_wconf 90' lang='lat'><strong>.</strong></span> <span class='ocrx_word' id='word_1_3' title='bbox 761 230 1034 278; x_wconf 75' lang='lat' dir='ltr'><strong>LIBANJVS.</strong></span> 
     </span>
    </p>
   </div>
   <div class='ocr_carea' id='block_1_2' title="bbox 195 352 1542 2506">
    <p class='ocr_par' dir='ltr' id='par_1_2' title="bbox 195 352 1542 1967">
     <span class='ocr_line' id='line_1_2' title="bbox 264 352 1542 416; baseline -0.004 -9"><span class='ocrx_word' id='word_1_4' title='bbox 264 360 474 408; x_wconf 77' lang='lat' dir='ltr'><strong>oratione</strong></span> <span class='ocrx_word' id='word_1_5' title='bbox 494 352 764 416; x_wconf 82' lang='lat' dir='ltr'><strong>potiffimum</strong></span> <span class='ocrx_word' id='word_1_6' title='bbox 784 357 928 402; x_wconf 53' lang='lat' dir='ltr'><strong>ducta.</strong></span> <span class='ocrx_word' id='word_1_7' title='bbox 991 353 1150 401; x_wconf 86' lang='lat' dir='ltr'><strong>Reiske</strong></span> <span class='ocrx_word' id='word_1_8' title='bbox 1183 357 1388 402; x_wconf 83' lang='lat' dir='ltr'><strong>ordinem</strong></span> <span class='ocrx_word' id='word_1_9' title='bbox 1423 372 1542 402; x_wconf 79' lang='lat' dir='ltr'><strong>ora--</strong></span> 
     </span>
     <span class='ocr_line' id='line_1_3' title="bbox 260 421 1523 484; baseline -0.004 -9"><span class='ocrx_word' id='word_1_10' title='bbox 260 432 453 480; x_wconf 77' lang='lat' dir='ltr'><strong>tionum.</strong></span> <span class='ocrx_word' id='word_1_11' title='bbox 490 426 565 483; x_wconf 87' lang='lat' dir='ltr'><strong>qui</strong></span> <span class='ocrx_word' id='word_1_12' title='bbox 587 423 648 468; x_wconf 88' lang='lat' dir='ltr'><strong>est</strong></span> <span class='ocrx_word' id='word_1_13' title='bbox 675 425 722 468; x_wconf 91' lang='lat' dir='ltr'><strong>in</strong></span> <span class='ocrx_word' id='word_1_14' title='bbox 746 440 837 468; x_wconf 90' lang='lat' dir='ltr'><strong>vno</strong></span> <span class='ocrx_word' id='word_1_15' title='bbox 863 424 964 469; x_wconf 88' lang='lat' dir='ltr'><strong>cod.</strong></span> <span class='ocrx_word' id='word_1_16' title='bbox 993 421 1358 484; x_wconf 85' lang='lat' dir='ltr'><strong>Augustanorum</strong></span> <span class='ocrx_word' id='word_1_17' title='bbox 1379 425 1523 470; x_wconf 83' lang='lat' dir='ltr'><strong>serua-</strong></span> 
     </span>
     <span class='ocr_line' id='line_1_4' title="bbox 261 491 1522 552; baseline -0.006 -8"><span class='ocrx_word' id='word_1_18' title='bbox 261 500 348 552; x_wconf 84' lang='lat' dir='ltr'><strong>uit,</strong></span> <span class='ocrx_word' id='word_1_19' title='bbox 384 494 502 539; x_wconf 88' lang='lat' dir='ltr'><strong>etin</strong></span> <span class='ocrx_word' id='word_1_20' title='bbox 527 494 672 550; x_wconf 82' lang='lat' dir='ltr'><strong>primo</strong></span> <span class='ocrx_word' id='word_1_21' title='bbox 696 491 920 536; x_wconf 84' lang='lat' dir='ltr'><strong>volumine</strong></span> <span class='ocrx_word' id='word_1_22' title='bbox 956 495 1068 537; x_wconf 87' lang='lat' dir='ltr'><strong>XXI.</strong></span> <span class='ocrx_word' id='word_1_23' title='bbox 1104 494 1252 538; x_wconf 87' lang='lat' dir='ltr'><strong>dedit.</strong></span> <span class='ocrx_word' id='word_1_24' title='bbox 1273 502 1407 551; x_wconf 88' lang='lat' dir='ltr'><strong>atque</strong></span> <span class='ocrx_word' id='word_1_25' title='bbox 1437 509 1522 537; x_wconf 87' lang='lat' dir='ltr'><strong>no-</strong></span> 
     </span>
     <span class='ocr_line' id='line_1_5' title="bbox 260 559 1522 621; baseline -0.004 -10"><span class='ocrx_word' id='word_1_26' title='bbox 260 568 318 612; x_wconf 83' lang='lat' dir='ltr'><strong>tis</strong></span> <span class='ocrx_word' id='word_1_27' title='bbox 342 578 442 609; x_wconf 86' lang='lat' dir='ltr'><strong>cum</strong></span> <span class='ocrx_word' id='word_1_28' title='bbox 462 561 700 621; x_wconf 77' lang='lat' dir='ltr'><strong>exegeticis</strong></span> <span class='ocrx_word' id='word_1_29' title='bbox 725 568 822 605; x_wconf 88' lang='lat' dir='ltr'><strong>tum</strong></span> <span class='ocrx_word' id='word_1_30' title='bbox 845 561 892 604; x_wconf 90' lang='lat' dir='ltr'><strong>in</strong></span> <span class='ocrx_word' id='word_1_31' title='bbox 917 561 1068 618; x_wconf 81' lang='lat' dir='ltr'><strong>primis</strong></span> <span class='ocrx_word' id='word_1_32' title='bbox 1090 562 1250 605; x_wconf 85' lang='lat' dir='ltr'><strong>criticis</strong></span> <span class='ocrx_word' id='word_1_33' title='bbox 1270 559 1522 607; x_wconf 79' lang='lat' dir='ltr'><strong>illustrauit.</strong></span> 
     </span>
     <span class='ocr_line' id='line_1_6' title="bbox 262 627 1521 679; baseline -0.003 -2"><span class='ocrx_word' id='word_1_34' title='bbox 262 635 385 677; x_wconf 88' lang='lat' dir='ltr'><strong>cons.</strong></span> <span class='ocrx_word' id='word_1_35' title='bbox 412 629 643 674; x_wconf 78' lang='lat' dir='ltr'>censuram</span> <span class='ocrx_word' id='word_1_36' title='bbox 664 630 710 674; x_wconf 85' lang='lat' dir='ltr'><strong>in</strong></span> <span class='ocrx_word' id='word_1_37' title='bbox 732 627 837 674; x_wconf 83' lang='lat' dir='ltr'><strong>bibl.</strong></span> <span class='ocrx_word' id='word_1_38' title='bbox 876 629 1028 673; x_wconf 89' lang='lat' dir='ltr'><strong>critica</strong></span> <span class='ocrx_word' id='word_1_39' title='bbox 1058 627 1299 679; x_wconf 77' lang='lat' dir='ltr'><strong>Amstelod.</strong></span> <span class='ocrx_word' id='word_1_40' title='bbox 1333 628 1420 673; x_wconf 90' lang='lat' dir='ltr'><strong>vol.</strong></span> <span class='ocrx_word' id='word_1_41' title='bbox 1443 629 1521 674; x_wconf 73' lang='grc' dir='ltr'><strong>ΠΙ.</strong></span> 
     </span>
     <span class='ocr_line' id='line_1_7' title="bbox 257 695 1522 760; baseline -0.006 -15"><span class='ocrx_word' id='word_1_42' title='bbox 257 709 376 760; x_wconf 81' lang='lat' dir='ltr'><strong>part.</strong></span> <span class='ocrx_word' id='word_1_43' title='bbox 400 700 450 742; x_wconf 73' lang='grc' dir='ltr'><strong>ΙΙ.</strong></span> <span class='ocrx_word' id='word_1_44' title='bbox 480 712 580 758; x_wconf 83' lang='lat' dir='ltr'><strong>pag.</strong></span> <span class='ocrx_word' id='word_1_45' title='bbox 599 695 662 752; x_wconf 90' lang='lat'><strong>76</strong></span> <span class='ocrx_word' id='word_1_46' title='bbox 685 695 774 753; x_wconf 86' lang='lat' dir='ltr'><strong>sqq.</strong></span> <span class='ocrx_word' id='word_1_47' title='bbox 811 719 879 728; x_wconf 89' lang='lat'><strong>—-</strong></span> <span class='ocrx_word' id='word_1_48' title='bbox 949 699 1070 747; x_wconf 86' lang='lat' dir='ltr'>Quae</span> <span class='ocrx_word' id='word_1_49' title='bbox 1094 698 1234 741; x_wconf 89' lang='lat' dir='ltr'><strong>editio</strong></span> <span class='ocrx_word' id='word_1_50' title='bbox 1263 703 1310 742; x_wconf 86' lang='lat' dir='ltr'><strong>et</strong></span> <span class='ocrx_word' id='word_1_51' title='bbox 1328 695 1522 753; x_wconf 89' lang='lat' dir='ltr'><strong>splendi-</strong></span> 
     </span>
     <span class='ocr_line' id='line_1_8' title="bbox 258 760 1523 822; baseline -0.006 -9"><span class='ocrx_word' id='word_1_52' title='bbox 258 770 316 813; x_wconf 83' lang='lat' dir='ltr'><strong>da</strong></span> <span class='ocrx_word' id='word_1_53' title='bbox 338 775 386 812; x_wconf 91' lang='lat' dir='ltr'><strong>et</strong></span> <span class='ocrx_word' id='word_1_54' title='bbox 411 779 508 810; x_wconf 86' lang='lat' dir='ltr'><strong>cara</strong></span> <span class='ocrx_word' id='word_1_55' title='bbox 537 779 674 822; x_wconf 86' lang='lat' dir='ltr'><strong>quum</strong></span> <span class='ocrx_word' id='word_1_56' title='bbox 695 765 922 820; x_wconf 86' lang='lat' dir='ltr'><strong>pauciores</strong></span> <span class='ocrx_word' id='word_1_57' title='bbox 945 760 1178 822; x_wconf 68' lang='lat' dir='ltr'><strong>reperiss&#39;et</strong></span> <span class='ocrx_word' id='word_1_58' title='bbox 1213 773 1434 818; x_wconf 77' lang='lat' dir='ltr'><strong>emtore53</strong></span> <span class='ocrx_word' id='word_1_59' title='bbox 1469 762 1523 808; x_wconf 88' lang='lat' dir='ltr'><strong>li-</strong></span> 
     </span>
     <span class='ocr_line' id='line_1_9' title="bbox 253 830 1522 891; baseline -0.006 -10"><span class='ocrx_word' id='word_1_60' title='bbox 253 836 427 882; x_wconf 83' lang='lat' dir='ltr'><strong>brarius</strong></span> <span class='ocrx_word' id='word_1_61' title='bbox 450 834 572 891; x_wconf 86' lang='lat' dir='ltr'><strong>Opus</strong></span> <span class='ocrx_word' id='word_1_62' title='bbox 594 833 642 880; x_wconf 84' lang='lat' dir='ltr'><strong>in</strong></span> <span class='ocrx_word' id='word_1_63' title='bbox 666 831 825 877; x_wconf 83' lang='lat' dir='ltr'><strong>chartis</strong></span> <span class='ocrx_word' id='word_1_64' title='bbox 849 832 952 876; x_wconf 61' lang='lat' dir='ltr'><strong>odio</strong></span> <span class='ocrx_word' id='word_1_65' title='bbox 973 830 1139 890; x_wconf 81' lang='lat' dir='ltr'>plicatis</span> <span class='ocrx_word' id='word_1_66' title='bbox 1166 830 1365 882; x_wconf 83' lang='lat' dir='ltr'><strong>¹formulis</strong></span> <span class='ocrx_word' id='word_1_67' title='bbox 1390 840 1522 890; x_wconf 85' lang='lat' dir='ltr'><strong>typo-</strong></span> 
     </span>
     <span class='ocr_line' id='line_1_10' title="bbox 257 898 1521 964; baseline -0.005 -16"><span class='ocrx_word' id='word_1_68' title='bbox 257 902 480 964; x_wconf 77' lang='lat' dir='ltr'>graphicis</span> <span class='ocrx_word' id='word_1_69' title='bbox 508 902 675 945; x_wconf 85' lang='lat' dir='ltr'><strong>iterum</strong></span> <span class='ocrx_word' id='word_1_70' title='bbox 697 900 950 944; x_wconf 82' lang='lat' dir='ltr'><strong>describere</strong></span> <span class='ocrx_word' id='word_1_71' title='bbox 982 908 1030 945; x_wconf 88' lang='lat' dir='ltr'><strong>et</strong></span> <span class='ocrx_word' id='word_1_72' title='bbox 1051 901 1313 950; x_wconf 79' lang='lat' dir='ltr'><strong>continuare</strong></span> <span class='ocrx_word' id='word_1_73' title='bbox 1334 898 1488 956; x_wconf 50' lang='lat' dir='ltr'><strong>coepit</strong></span> <span class='ocrx_word' id='word_1_74' title='bbox 1503 914 1521 948; x_wconf 85' lang='lat'><strong>·‚</strong></span> 
     </span>
     <span class='ocr_line' id='line_1_11' title="bbox 215 963 1519 1025; baseline -0.005 -10"><span class='ocrx_word' id='word_1_75' title='bbox 215 963 232 971; x_wconf 44' lang='lat'><strong>⁸¹</strong></span> <span class='ocrx_word' id='word_1_76' title='bbox 255 973 381 1016; x_wconf 86' lang='lat' dir='ltr'><strong>cuius</strong></span> <span class='ocrx_word' id='word_1_77' title='bbox 405 967 619 1013; x_wconf 82' lang='lat' dir='ltr'><strong>volumen</strong></span> <span class='ocrx_word' id='word_1_78' title='bbox 641 966 673 1009; x_wconf 88' lang='lat' dir='ltr'><strong>l.</strong></span> <span class='ocrx_word' id='word_1_79' title='bbox 701 965 900 1025; x_wconf 82' lang='lat' dir='ltr'><strong>praelum</strong></span> <span class='ocrx_word' id='word_1_80' title='bbox 923 965 1106 1024; x_wconf 86' lang='lat' dir='ltr'><strong>reliquit</strong></span> <span class='ocrx_word' id='word_1_81' title='bbox 1136 968 1244 1016; x_wconf 85' lang='lat' dir='ltr'><strong>ibid.</strong></span> <span class='ocrx_word' id='word_1_82' title='bbox 1287 977 1423 1024; x_wconf 90' lang='lat'>1791.</span> <span class='ocrx_word' id='word_1_83' title='bbox 1458 964 1519 1009; x_wconf 85' lang='lat' dir='ltr'><strong>al-</strong></span> 
     </span>
     <span class='ocr_line' id='line_1_12' title="bbox 253 1031 1520 1096; baseline -0.006 -12"><span class='ocrx_word' id='word_1_84' title='bbox 253 1048 408 1085; x_wconf 86' lang='lat' dir='ltr'><strong>terum</strong></span> <span class='ocrx_word' id='word_1_85' title='bbox 427 1045 579 1081; x_wconf 87' lang='lat' dir='ltr'><strong>autem</strong></span> <span class='ocrx_word' id='word_1_86' title='bbox 599 1033 687 1080; x_wconf 90' lang='lat' dir='ltr'><strong>vol.</strong></span> <span class='ocrx_word' id='word_1_87' title='bbox 732 1047 821 1094; x_wconf 85' lang='lat'><strong>179</strong></span> <span class='ocrx_word' id='word_1_88' title='bbox 832 1049 872 1091; x_wconf 81' lang='lat'><strong>3.</strong></span> <span class='ocrx_word' id='word_1_89' title='bbox 942 1036 1145 1096; x_wconf 80' lang='lat' dir='ltr'><strong>Necdum</strong></span> <span class='ocrx_word' id='word_1_90' title='bbox 1176 1032 1426 1085; x_wconf 84' lang='lat' dir='ltr'><strong>absolutum</strong></span> <span class='ocrx_word' id='word_1_91' title='bbox 1458 1031 1520 1076; x_wconf 88' lang='lat' dir='ltr'><strong>est</strong></span> 
     </span>
     <span class='ocr_line' id='line_1_13' title="bbox 253 1100 1517 1163; baseline -0.006 -13"><span class='ocrx_word' id='word_1_92' title='bbox 253 1121 396 1163; x_wconf 75' lang='lat' dir='ltr'><strong>opu5‚</strong></span> <span class='ocrx_word' id='word_1_93' title='bbox 448 1105 549 1161; x_wconf 90' lang='lat' dir='ltr'><strong>quia</strong></span> <span class='ocrx_word' id='word_1_94' title='bbox 587 1103 678 1145; x_wconf 89' lang='lat' dir='ltr'><strong>duo</strong></span> <span class='ocrx_word' id='word_1_95' title='bbox 712 1100 775 1145; x_wconf 88' lang='lat' dir='ltr'><strong>illi</strong></span> <span class='ocrx_word' id='word_1_96' title='bbox 810 1103 924 1146; x_wconf 87' lang='lat' dir='ltr'><strong>tomi</strong></span> <span class='ocrx_word' id='word_1_97' title='bbox 964 1100 1032 1145; x_wconf 84' lang='lat' dir='ltr'><strong>LI.</strong></span> <span class='ocrx_word' id='word_1_98' title='bbox 1076 1110 1252 1150; x_wconf 86' lang='lat' dir='ltr'><strong>tantum</strong></span> <span class='ocrx_word' id='word_1_99' title='bbox 1287 1103 1517 1145; x_wconf 82' lang='lat' dir='ltr'><strong>orationes</strong></span> 
     </span>
     <span class='ocr_line' id='line_1_14' title="bbox 249 1165 1519 1229; baseline -0.004 -14"><span class='ocrx_word' id='word_1_100' title='bbox 249 1170 630 1229; x_wconf 64' lang='lat' dir='ltr'><strong>compleEiuntur.</strong></span> <span class='ocrx_word' id='word_1_101' title='bbox 670 1193 728 1200; x_wconf 93' lang='lat'><strong>—-</strong></span> <span class='ocrx_word' id='word_1_102' title='bbox 798 1167 892 1211; x_wconf 88' lang='lat' dir='ltr'><strong>Cel.</strong></span> <span class='ocrx_word' id='word_1_103' title='bbox 908 1165 1197 1210; x_wconf 76' lang='lat' dir='ltr'><strong>Morelliusex</strong></span> <span class='ocrx_word' id='word_1_104' title='bbox 1219 1168 1519 1218; x_wconf 73' lang='lat' dir='ltr'><strong>cod,Veneto</strong></span> 
     </span>
     <span class='ocr_line' id='line_1_15' title="bbox 248 1233 1519 1291; baseline -0.005 -8"><span class='ocrx_word' id='word_1_105' title='bbox 248 1242 308 1285; x_wconf 91' lang='lat' dir='ltr'><strong>D.</strong></span> <span class='ocrx_word' id='word_1_106' title='bbox 336 1238 475 1282; x_wconf 83' lang='lat' dir='ltr'><strong>Marci</strong></span> <span class='ocrx_word' id='word_1_107' title='bbox 488 1245 535 1279; x_wconf 86' lang='lat' dir='ltr'><strong>et</strong></span> <span class='ocrx_word' id='word_1_108' title='bbox 547 1235 648 1278; x_wconf 81' lang='lat' dir='ltr'><strong>cod.</strong></span> <span class='ocrx_word' id='word_1_109' title='bbox 675 1235 899 1279; x_wconf 82' lang='lat' dir='ltr'><strong>Barberin.</strong></span> <span class='ocrx_word' id='word_1_110' title='bbox 923 1236 1088 1291; x_wconf 85' lang='lat' dir='ltr'><strong>primus</strong></span> <span class='ocrx_word' id='word_1_111' title='bbox 1103 1235 1261 1289; x_wconf 85' lang='lat' dir='ltr'><strong>edidit,</strong></span> <span class='ocrx_word' id='word_1_112' title='bbox 1274 1233 1410 1284; x_wconf 87' lang='lat' dir='ltr'><strong>latine</strong></span> <span class='ocrx_word' id='word_1_113' title='bbox 1425 1248 1519 1278; x_wconf 83' lang='lat' dir='ltr'><strong>ver-</strong></span> 
     </span>
     <span class='ocr_line' id='line_1_16' title="bbox 248 1297 1517 1363; baseline -0.008 -11"><span class='ocrx_word' id='word_1_114' title='bbox 248 1309 309 1352; x_wconf 86' lang='lat' dir='ltr'><strong>tit</strong></span> <span class='ocrx_word' id='word_1_115' title='bbox 334 1306 603 1360; x_wconf 84' lang='lat' dir='ltr'><strong>eruditeque</strong></span> <span class='ocrx_word' id='word_1_116' title='bbox 629 1300 861 1346; x_wconf 77' lang='lat' dir='ltr'><strong>illustrauit</strong></span> <span class='ocrx_word' id='word_1_117' title='bbox 886 1297 1061 1344; x_wconf 79' lang='lat' dir='ltr'><strong>Libanii</strong></span> <span class='ocrx_word' id='word_1_118' title='bbox 1082 1298 1307 1345; x_wconf 73' lang='lat' dir='ltr'><em>declamat.</em></span> <span class='ocrx_word' id='word_1_119' title='bbox 1336 1313 1421 1363; x_wconf 83' lang='lat' dir='ltr'><strong>pro</strong></span> <span class='ocrx_word' id='word_1_120' title='bbox 1445 1300 1517 1359; x_wconf 61' lang='lat' dir='ltr'><strong>So.-</strong></span> 
     </span>
     <span class='ocr_line' id='line_1_17' title="bbox 247 1368 1516 1428; baseline -0.002 -10"><span class='ocrx_word' id='word_1_121' title='bbox 247 1385 382 1428; x_wconf 81' lang='lat' dir='ltr'><strong>crate,</strong></span> <span class='ocrx_word' id='word_1_122' title='bbox 419 1386 506 1416; x_wconf 83' lang='lat' dir='ltr'><strong>vna</strong></span> <span class='ocrx_word' id='word_1_123' title='bbox 524 1384 627 1414; x_wconf 89' lang='lat' dir='ltr'><strong>cum</strong></span> <span class='ocrx_word' id='word_1_124' title='bbox 649 1368 848 1414; x_wconf 85' lang='lat' dir='ltr'><strong>Aristidis</strong></span> <span class='ocrx_word' id='word_1_125' title='bbox 883 1377 995 1415; x_wconf 80' lang='lat' dir='ltr'><strong>orat.</strong></span> <span class='ocrx_word' id='word_1_126' title='bbox 1031 1371 1129 1413; x_wconf 86' lang='lat' dir='ltr'><strong>adu.</strong></span> <span class='ocrx_word' id='word_1_127' title='bbox 1164 1370 1400 1426; x_wconf 82' lang='lat' dir='ltr'><strong>Leptinem</strong></span> <span class='ocrx_word' id='word_1_128' title='bbox 1426 1377 1516 1415; x_wconf 67' lang='lat' dir='ltr'><strong>etc.</strong></span> 
     </span>
     <span class='ocr_line' id='line_1_18' title="bbox 247 1435 1516 1496; baseline -0.005 -9"><span class='ocrx_word' id='word_1_129' title='bbox 247 1441 459 1492; x_wconf 79' lang='lat' dir='ltr'><strong>venetiis</strong></span> <span class='ocrx_word' id='word_1_130' title='bbox 488 1445 628 1496; x_wconf 84' lang='lat'><strong>1785.</strong></span> <span class='ocrx_word' id='word_1_131' title='bbox 657 1442 700 1487; x_wconf 79' lang='lat'><strong>8.</strong></span> <span class='ocrx_word' id='word_1_132' title='bbox 735 1461 803 1478; x_wconf 52' lang='grc' dir='ltr'><strong>ε,-</strong></span> <span class='ocrx_word' id='word_1_133' title='bbox 872 1435 925 1486; x_wconf 89' lang='lat' dir='ltr'><strong>In</strong></span> <span class='ocrx_word' id='word_1_134' title='bbox 952 1437 1199 1483; x_wconf 74' lang='lat' dir='ltr'><strong>Anecdotis</strong></span> <span class='ocrx_word' id='word_1_135' title='bbox 1227 1437 1471 1492; x_wconf 85' lang='lat' dir='ltr'><strong>litterariis,</strong></span> <span class='ocrx_word' id='word_1_136' title='bbox 1489 1451 1516 1481; x_wconf 88' lang='lat' dir='ltr'><strong>e</strong></span> 
     </span>
     <span class='ocr_line' id='line_1_19' title="bbox 246 1503 1516 1567; baseline -0.007 -11"><span class='ocrx_word' id='word_1_137' title='bbox 246 1511 396 1556; x_wconf 84' lang='lat' dir='ltr'><strong>msstis</strong></span> <span class='ocrx_word' id='word_1_138' title='bbox 417 1506 553 1553; x_wconf 85' lang='lat' dir='ltr'><strong>codd.</strong></span> <span class='ocrx_word' id='word_1_139' title='bbox 575 1505 731 1563; x_wconf 87' lang='lat' dir='ltr'><strong>erutis,</strong></span> <span class='ocrx_word' id='word_1_140' title='bbox 765 1503 854 1551; x_wconf 83' lang='lat' dir='ltr'><strong>vol.</strong></span> <span class='ocrx_word' id='word_1_141' title='bbox 883 1503 915 1554; x_wconf 80' lang='lat'><strong>1.</strong></span> <span class='ocrx_word' id='word_1_142' title='bbox 937 1507 1118 1560; x_wconf 79' lang='lat' dir='ltr'><strong>Romae,</strong></span> <span class='ocrx_word' id='word_1_143' title='bbox 1158 1517 1298 1567; x_wconf 87' lang='lat'><em>1773.</em></span> <span class='ocrx_word' id='word_1_144' title='bbox 1323 1510 1380 1556; x_wconf 83' lang='lat'><strong>8.</strong></span> <span class='ocrx_word' id='word_1_145' title='bbox 1409 1519 1516 1564; x_wconf 83' lang='lat' dir='ltr'><strong>pag.</strong></span> 
     </span>
     <span class='ocr_line' id='line_1_20' title="bbox 195 1568 1516 1640; baseline -0.005 -16"><span class='ocrx_word' id='word_1_146' title='bbox 195 1576 197 1578; x_wconf 29' lang='lat'>³</span> <span class='ocrx_word' id='word_1_147' title='bbox 254 1593 296 1625; x_wconf 90' lang='lat'><strong>1.</strong></span> <span class='ocrx_word' id='word_1_148' title='bbox 317 1578 410 1635; x_wconf 87' lang='lat' dir='ltr'><strong>sqq.</strong></span> <span class='ocrx_word' id='word_1_149' title='bbox 435 1577 483 1627; x_wconf 89' lang='lat' dir='ltr'><strong>in</strong></span> <span class='ocrx_word' id='word_1_150' title='bbox 501 1568 647 1619; x_wconf 87' lang='lat' dir='ltr'><strong>lucem</strong></span> <span class='ocrx_word' id='word_1_151' title='bbox 670 1571 897 1630; x_wconf 77' lang='lat' dir='ltr'><strong>prolatum</strong></span> <span class='ocrx_word' id='word_1_152' title='bbox 918 1572 980 1623; x_wconf 90' lang='lat' dir='ltr'><strong>est</strong></span> <span class='ocrx_word' id='word_1_153' title='bbox 994 1573 1516 1640; x_wconf 80' lang='lat' dir='ltr'><strong>fragmentumanecdot</strong></span> 
     </span>
     <span class='ocr_line' id='line_1_21' title="bbox 249 1631 1515 1696; baseline -0.006 -5"><span class='ocrx_word' id='word_1_154' title='bbox 249 1645 472 1691; x_wconf 87' lang='lat' dir='ltr'><strong>orationis</strong></span> <span class='ocrx_word' id='word_1_155' title='bbox 494 1637 671 1684; x_wconf 84' lang='lat' dir='ltr'><strong>Libanii</strong></span> <span class='ocrx_word' id='word_1_156' title='bbox 695 1641 749 1692; x_wconf 81' lang='lat' dir='ltr'><strong>ad</strong></span> <span class='ocrx_word' id='word_1_157' title='bbox 772 1631 1084 1690; x_wconf 85' lang='lat' dir='ltr'><strong>Antiochenos</strong></span> <span class='ocrx_word' id='word_1_158' title='bbox 1103 1642 1160 1685; x_wconf 89' lang='lat' dir='ltr'><strong>de</strong></span> <span class='ocrx_word' id='word_1_159' title='bbox 1188 1639 1342 1683; x_wconf 77' lang='lat' dir='ltr'><strong>Iuliani</strong></span> <span class='ocrx_word' id='word_1_160' title='bbox 1373 1642 1515 1696; x_wconf 85' lang='lat' dir='ltr'><strong>irnpe-</strong></span> 
     </span>
     <span class='ocr_line' id='line_1_22' title="bbox 245 1707 1515 1766; baseline -0.006 -7"><span class='ocrx_word' id='word_1_161' title='bbox 245 1714 410 1759; x_wconf 70' lang='lat' dir='ltr'><strong>tatoris</strong></span> <span class='ocrx_word' id='word_1_162' title='bbox 432 1711 512 1763; x_wconf 82' lang='lat' dir='ltr'><strong>ira,</strong></span> <span class='ocrx_word' id='word_1_163' title='bbox 534 1724 559 1752; x_wconf 93' lang='lat' dir='ltr'><strong>e</strong></span> <span class='ocrx_word' id='word_1_164' title='bbox 581 1708 680 1753; x_wconf 85' lang='lat' dir='ltr'><strong>cod.</strong></span> <span class='ocrx_word' id='word_1_165' title='bbox 704 1708 862 1755; x_wconf 86' lang='lat' dir='ltr'><strong>medic.</strong></span> <span class='ocrx_word' id='word_1_166' title='bbox 876 1707 907 1749; x_wconf 89' lang='lat' dir='ltr'>L</span> <span class='ocrx_word' id='word_1_167' title='bbox 912 1716 1086 1752; x_wconf 83' lang='lat' dir='ltr'><strong>aurent.</strong></span> <span class='ocrx_word' id='word_1_168' title='bbox 1111 1717 1307 1762; x_wconf 86' lang='lat' dir='ltr'><strong>erutum,</strong></span> <span class='ocrx_word' id='word_1_169' title='bbox 1328 1722 1395 1766; x_wconf 88' lang='lat' dir='ltr'><strong>gr.</strong></span> <span class='ocrx_word' id='word_1_170' title='bbox 1412 1721 1515 1751; x_wconf 87' lang='lat' dir='ltr'><strong>cum</strong></span> 
     </span>
     <span class='ocr_line' id='line_1_23' title="bbox 243 1770 1513 1836; baseline -0.007 -11"><span class='ocrx_word' id='word_1_171' title='bbox 243 1795 359 1826; x_wconf 81' lang='lat' dir='ltr'><strong>vers,</strong></span> <span class='ocrx_word' id='word_1_172' title='bbox 380 1778 456 1822; x_wconf 87' lang='lat' dir='ltr'><strong>lat.</strong></span> <span class='ocrx_word' id='word_1_173' title='bbox 489 1779 533 1822; x_wconf 87' lang='lat' dir='ltr'><strong>P.</strong></span> <span class='ocrx_word' id='word_1_174' title='bbox 555 1770 750 1836; x_wconf 78' lang='lat' dir='ltr'><strong>Philippi</strong></span> <span class='ocrx_word' id='word_1_175' title='bbox 784 1772 975 1834; x_wconf 67' lang='lat' dir='ltr'><strong>Angeljcz’</strong></span> <span class='ocrx_word' id='word_1_176' title='bbox 998 1772 1224 1828; x_wconf 64' lang='lat' dir='ltr'><strong>Rea-hem,</strong></span> <span class='ocrx_word' id='word_1_177' title='bbox 1257 1775 1513 1818; x_wconf 87' lang='lat' dir='ltr'><strong>Bononien-</strong></span> 
     </span>
     <span class='ocr_line' id='line_1_24' title="bbox 246 1841 1513 1900; baseline -0.006 -8"><span class='ocrx_word' id='word_1_178' title='bbox 246 1847 314 1900; x_wconf 81' lang='lat' dir='ltr'><strong>fis,</strong></span> <span class='ocrx_word' id='word_1_179' title='bbox 350 1847 451 1890; x_wconf 78' lang='lat' dir='ltr'><strong>ord.</strong></span> <span class='ocrx_word' id='word_1_180' title='bbox 487 1842 861 1891; x_wconf 75' lang='lat' dir='ltr'><strong>Praedicatorum.</strong></span> <span class='ocrx_word' id='word_1_181' title='bbox 899 1868 951 1878; x_wconf 88' lang='lat'><em>-</em></span> <span class='ocrx_word' id='word_1_182' title='bbox 988 1841 1105 1893; x_wconf 87' lang='lat' dir='ltr'><strong>aliud</strong></span> <span class='ocrx_word' id='word_1_183' title='bbox 1135 1846 1513 1900; x_wconf 74' lang='lat' dir='ltr'><strong>fragment.,cum</strong></span> 
     </span>
     <span class='ocr_line' id='line_1_25' title="bbox 244 1906 1306 1970; baseline -0.007 -10"><span class='ocrx_word' id='word_1_184' title='bbox 244 1914 448 1970; x_wconf 73' lang='lat' dir='ltr'><strong>versione</strong></span> <span class='ocrx_word' id='word_1_185' title='bbox 468 1906 708 1962; x_wconf 72' lang='grc' dir='ltr'><strong>Ανηιιιίιιτιί,</strong></span> <span class='ocrx_word' id='word_1_186' title='bbox 742 1910 848 1952; x_wconf 88' lang='lat' dir='ltr'><strong>ibid.</strong></span> <span class='ocrx_word' id='word_1_187' title='bbox 882 1908 972 1954; x_wconf 91' lang='lat' dir='ltr'><strong>vol.</strong></span> <span class='ocrx_word' id='word_1_188' title='bbox 996 1912 1048 1954; x_wconf 91' lang='lat' dir='ltr'><strong>II.</strong></span> <span class='ocrx_word' id='word_1_189' title='bbox 1075 1926 1117 1967; x_wconf 88' lang='lat' dir='ltr'><strong>p.</strong></span> <span class='ocrx_word' id='word_1_190' title='bbox 1152 1924 1188 1957; x_wconf 88' lang='lat'><strong>1.</strong></span> <span class='ocrx_word' id='word_1_191' title='bbox 1211 1910 1306 1967; x_wconf 89' lang='lat' dir='ltr'><strong>sqq.</strong></span> 
     </span>
    </p>

    <p class='ocr_par' dir='ltr' id='par_1_3' title="bbox 238 1976 1511 2506">
     <span class='ocr_line' id='line_1_26' title="bbox 350 1976 1511 2040; baseline -0.004 -15"><span class='ocrx_word' id='word_1_192' title='bbox 350 1991 396 2040; x_wconf 78' lang='lat'><strong>5.</strong></span> <span class='ocrx_word' id='word_1_193' title='bbox 432 1981 607 2025; x_wconf 81' lang='lat' dir='ltr'><strong>Atticae</strong></span> <span class='ocrx_word' id='word_1_194' title='bbox 633 1977 837 2022; x_wconf 70' lang='lat' dir='ltr'><strong>diffionis</strong></span> <span class='ocrx_word' id='word_1_195' title='bbox 863 1985 998 2034; x_wconf 88' lang='lat' dir='ltr'><strong>atque</strong></span> <span class='ocrx_word' id='word_1_196' title='bbox 1032 1976 1354 2038; x_wconf 70' lang='lat' dir='ltr'><strong>elegantiarum</strong></span> <span class='ocrx_word' id='word_1_197' title='bbox 1376 1983 1511 2034; x_wconf 79' lang='lat' dir='ltr'><strong>atque</strong></span> 
     </span>
     <span class='ocr_line' id='line_1_27' title="bbox 245 2043 1510 2103; baseline -0.008 -6"><span class='ocrx_word' id='word_1_198' title='bbox 245 2044 562 2098; x_wconf 80' lang='lat' dir='ltr'><strong>concinnitatis</strong></span> <span class='ocrx_word' id='word_1_199' title='bbox 584 2046 794 2101; x_wconf 74' lang='lat' dir='ltr'><strong>inprimis</strong></span> <span class='ocrx_word' id='word_1_200' title='bbox 815 2043 1027 2088; x_wconf 85' lang='lat' dir='ltr'><strong>studiosus</strong></span> <span class='ocrx_word' id='word_1_201' title='bbox 1055 2048 1154 2089; x_wconf 85' lang='lat' dir='ltr'><strong>fuit.</strong></span> <span class='ocrx_word' id='word_1_202' title='bbox 1220 2046 1368 2102; x_wconf 81' lang='lat' dir='ltr'><strong>Hinc,</strong></span> <span class='ocrx_word' id='word_1_203' title='bbox 1397 2060 1510 2103; x_wconf 90' lang='lat' dir='ltr'><strong>quo-</strong></span> 
     </span>
     <span class='ocr_line' id='line_1_28' title="bbox 245 2112 1508 2172; baseline -0.006 -8"><span class='ocrx_word' id='word_1_204' title='bbox 245 2122 367 2170; x_wconf 83' lang='lat' dir='ltr'><strong>niam</strong></span> <span class='ocrx_word' id='word_1_205' title='bbox 401 2123 545 2160; x_wconf 86' lang='lat' dir='ltr'><strong>artem</strong></span> <span class='ocrx_word' id='word_1_206' title='bbox 580 2112 779 2172; x_wconf 82' lang='lat' dir='ltr'><strong>neglexit</strong></span> <span class='ocrx_word' id='word_1_207' title='bbox 811 2113 912 2157; x_wconf 85' lang='lat' dir='ltr'><strong>artis</strong></span> <span class='ocrx_word' id='word_1_208' title='bbox 944 2114 1195 2172; x_wconf 85' lang='lat' dir='ltr'><strong>tegendae,</strong></span> <span class='ocrx_word' id='word_1_209' title='bbox 1224 2126 1508 2169; x_wconf 80' lang='lat' dir='ltr'><strong>veneresque</strong></span> 
     </span>
     <span class='ocr_line' id='line_1_29' title="bbox 245 2179 1507 2240; baseline -0.01 -7"><span class='ocrx_word' id='word_1_210' title='bbox 245 2190 402 2233; x_wconf 82' lang='lat' dir='ltr'><strong>atticas</strong></span> <span class='ocrx_word' id='word_1_211' title='bbox 425 2198 510 2228; x_wconf 88' lang='lat' dir='ltr'><strong>nec</strong></span> <span class='ocrx_word' id='word_1_212' title='bbox 534 2196 628 2225; x_wconf 86' lang='lat' dir='ltr'><strong>non</strong></span> <span class='ocrx_word' id='word_1_213' title='bbox 653 2181 861 2240; x_wconf 63' lang='lat' dir='ltr'><strong>argutiam,</strong></span> <span class='ocrx_word' id='word_1_214' title='bbox 896 2181 1155 2234; x_wconf 82' lang='lat' dir='ltr'><strong>antitheses,</strong></span> <span class='ocrx_word' id='word_1_215' title='bbox 1185 2188 1327 2233; x_wconf 83' lang='lat' dir='ltr'><strong>artem</strong></span> <span class='ocrx_word' id='word_1_216' title='bbox 1358 2179 1507 2236; x_wconf 84' lang='lat' dir='ltr'><strong>sophi-</strong></span> 
     </span>
     <span class='ocr_line' id='line_1_30' title="bbox 242 2246 1506 2306; baseline -0.008 -6"><span class='ocrx_word' id='word_1_217' title='bbox 242 2256 394 2301; x_wconf 84' lang='lat' dir='ltr'><strong>sticam</strong></span> <span class='ocrx_word' id='word_1_218' title='bbox 428 2259 475 2297; x_wconf 88' lang='lat' dir='ltr'><strong>et</strong></span> <span class='ocrx_word' id='word_1_219' title='bbox 516 2247 832 2294; x_wconf 79' lang='lat' dir='ltr'><strong>sublimitatem</strong></span> <span class='ocrx_word' id='word_1_220' title='bbox 876 2247 1233 2296; x_wconf 84' lang='lat' dir='ltr'><strong>declamatoriam</strong></span> <span class='ocrx_word' id='word_1_221' title='bbox 1267 2246 1369 2306; x_wconf 65' lang='lat' dir='ltr'><strong>plus‘</strong></span> <span class='ocrx_word' id='word_1_222' title='bbox 1392 2246 1506 2291; x_wconf 82' lang='lat' dir='ltr'><strong>iusto</strong></span> 
     </span>
     <span class='ocr_line' id='line_1_31' title="bbox 241 2313 1507 2375; baseline -0.002 -14"><span class='ocrx_word' id='word_1_223' title='bbox 241 2332 429 2367; x_wconf 76' lang='lat' dir='ltr'><strong>venatus</strong></span> <span class='ocrx_word' id='word_1_224' title='bbox 453 2317 533 2375; x_wconf 83' lang='lat' dir='ltr'><strong>est,</strong></span> <span class='ocrx_word' id='word_1_225' title='bbox 568 2331 665 2360; x_wconf 80' lang='lat' dir='ltr'><strong>eam</strong></span> <span class='ocrx_word' id='word_1_226' title='bbox 690 2316 948 2367; x_wconf 76' lang='lat' dir='ltr'><strong>suauitatem</strong></span> <span class='ocrx_word' id='word_1_227' title='bbox 987 2327 1034 2361; x_wconf 94' lang='lat' dir='ltr'><strong>et</strong></span> <span class='ocrx_word' id='word_1_228' title='bbox 1064 2314 1311 2360; x_wconf 81' lang='lat' dir='ltr'><strong>naturalem</strong></span> <span class='ocrx_word' id='word_1_229' title='bbox 1344 2313 1507 2372; x_wconf 88' lang='lat' dir='ltr'><strong>pulcri-</strong></span> 
     </span>
     <span class='ocr_line' id='line_1_32' title="bbox 239 2381 1506 2446; baseline -0.009 -11"><span class='ocrx_word' id='word_1_230' title='bbox 239 2392 475 2446; x_wconf 81' lang='lat' dir='ltr'><strong>tudinem,</strong></span> <span class='ocrx_word' id='word_1_231' title='bbox 524 2400 609 2444; x_wconf 86' lang='lat' dir='ltr'><strong>qua</strong></span> <span class='ocrx_word' id='word_1_232' title='bbox 639 2386 912 2441; x_wconf 82' lang='lat' dir='ltr'><strong>antiquiores</strong></span> <span class='ocrx_word' id='word_1_233' title='bbox 946 2385 1068 2429; x_wconf 85' lang='lat' dir='ltr'><strong>attici</strong></span> <span class='ocrx_word' id='word_1_234' title='bbox 1101 2384 1336 2441; x_wconf 82' lang='lat' dir='ltr'><strong>scriptores</strong></span> <span class='ocrx_word' id='word_1_235' title='bbox 1368 2381 1506 2426; x_wconf 89' lang='lat' dir='ltr'><strong>libros</strong></span> 
     </span>
     <span class='ocr_line' id='line_1_33' title="bbox 238 2447 1507 2506; baseline -0.008 -3"><span class='ocrx_word' id='word_1_236' title='bbox 238 2459 340 2505; x_wconf 82' lang='lat' dir='ltr'><strong>suos</strong></span> <span class='ocrx_word' id='word_1_237' title='bbox 366 2453 552 2500; x_wconf 87' lang='lat' dir='ltr'><strong>mirifice</strong></span> <span class='ocrx_word' id='word_1_238' title='bbox 575 2453 921 2505; x_wconf 78' lang='lat' dir='ltr'><strong>commendant,</strong></span> <span class='ocrx_word' id='word_1_239' title='bbox 954 2453 1001 2505; x_wconf 81' lang='lat' dir='ltr'><strong>in</strong></span> <span class='ocrx_word' id='word_1_240' title='bbox 1024 2453 1208 2498; x_wconf 86' lang='lat' dir='ltr'><strong>Libanio</strong></span> <span class='ocrx_word' id='word_1_241' title='bbox 1243 2450 1373 2506; x_wconf 79' lang='lat' dir='ltr'><strong>valde</strong></span> <span class='ocrx_word' id='word_1_242' title='bbox 1399 2447 1507 2503; x_wconf 78' lang='lat' dir='ltr'><strong>defi·</strong></span> 
     </span>
    </p>
   </div>
   <div class='ocr_carea' id='block_1_3' title="bbox 239 2519 1508 2638">
    <p class='ocr_par' dir='ltr' id='par_1_4' title="bbox 239 2519 1508 2638">
     <span class='ocr_line' id='line_1_34' title="bbox 239 2519 920 2588; baseline -0.016 -13"><span class='ocrx_word' id='word_1_243' title='bbox 239 2527 404 2580; x_wconf 72' lang='lat' dir='ltr'><strong>derant</strong></span> <span class='ocrx_word' id='word_1_244' title='bbox 430 2521 636 2570; x_wconf 81' lang='lat' dir='ltr'><strong>homines</strong></span> <span class='ocrx_word' id='word_1_245' title='bbox 663 2519 920 2588; x_wconf 77' lang='lat' dir='ltr'><strong>sagaciores.</strong></span> 
     </span>
     <span class='ocr_line' id='line_1_35' title="bbox 1390 2583 1508 2638; baseline -0.051 -3"><span class='ocrx_word' id='word_1_246' title='bbox 1390 2583 1435 2638; x_wconf 55' lang='lat'><strong>„6⁴</strong></span> <span class='ocrx_word' id='word_1_247' title='bbox 1465 2597 1508 2630; x_wconf 75' lang='grc' dir='ltr'><strong>Υ.</strong></span> 
     </span>
    </p>
   </div>
   <div class='ocr_carea' id='block_1_4' title="bbox 1633 0 1686 3025">
    <p class='ocr_par' dir='ltr' id='par_1_5' title="bbox 1633 0 1686 3025">
     <span class='ocr_line' id='line_1_36' title="bbox 1633 0 1686 3025; baseline 0 0"><span class='ocrx_word' id='word_1_248' title='bbox 1633 0 1686 3025; x_wconf 95' lang='lat' dir='ltr'><strong> </strong></span> 
     </span>
    </p>
   </div>
  </div>
 </body>
</html>
