1686 3025
246 249 347 298 412
681 234 1077 284 COINTVS.

243 362 340 406 XII.
379 356 522 421 304.)
557 354 1001 417 specioseostendin
1070 361 1194 406 Idem
1216 369 1366 421 putat,
1400 378 1503 411 eum

245 425 397 474 vixiss‘e
434 427 531 485 post
561 428 711 472 sedem
736 428 1059 484 imperatorum
1081 429 1502 489 Constantinopolin

245 496 515 542 translatam.
598 496 685 540 Sub
718 496 911 538 romanis
948 496 1130 553 quidem
1161 499 1502 556 imperatoribus

213 561 217 564 ’
245 579 349 608 eum
373 565 419 607 in
445 563 554 607 viuis
580 558 729 616 fuisse,
762 570 888 623 patet
908 577 962 607 ex
991 561 1068 608 lib.
1093 566 1190 611 XII.
1219 576 1310 624 335
1334 566 1429 625 sqq.
1453 575 1503 613 et

244 631 392 675 forsan
425 631 765 688 imperatoribus
799 632 964 675 Romae
983 646 1164 689 quoque
1185 635 1505 680 commoranti·

243 700 354 751 bus,
389 706 604 764 quantum
641 713 667 742 e
699 695 888 757 vestigiis
922 697 1068 756 potest
1094 698 1259 760 colligi.
1325 697 1504 744 Calaber

240 766 279 810 is
316 776 502 811 vocatur
534 765 581 809 in
612 766 765 823 primis
795 767 1094 825 editionibus,
1125 769 1337 825 quoniam
1359 769 1509 814 codex

238 835 435 892 primum
469 835 680 878 inuentus
711 832 773 877 est
808 836 854 878 in
889 835 1115 879 coenobio
1151 832 1320 881 Caffula
1354 851 1503 896 prope

239 902 484 951 Otrantum
507 903 553 945 in
577 899 789 946 Calabria.

346 984 388 1013 2.
419 970 553 1014 Fudit
579 983 758 1013 carmen
788 968 1044 1026 probabile,
1080 984 1167 1014 nec
1203 985 1314 1014 vero
1336 985 1359 1014 a
1379 971 1498 1016 vitiis

236 1036 396 1083 saeculi
431 1030 496 1080 ‘sui
528 1037 750 1090 immune,
785 1035 931 1081 multo
964 1039 1107 1081 minus
1129 1052 1228 1081 cum
1255 1039 1502 1084 Homerica

236 1104 508 1149 sublimitate
531 1112 580 1147 et
599 1099 785 1149 naturali
809 1102 1110 1159 pulcritudine
1134 1106 1499 1166 comparandum,

236 1176 262 1223 ζ
274 1169 473 1213 diuinum
518 1171 638 1213 enim
676 1178 843 1229 poetam
894 1183 997 1213 eum
1035 1169 1236 1213 Barthius
1266 1171 1499 1220 Aduersar.

234 1239 349 1283 LIX.
386 1252 425 1281 1.
461 1237 690 1281 immerito
719 1243 850 1281 vocat
869 1234 914 1292 )‚
947 1235 1276 1297 Paralipomena
1305 1236 1499 1292 Homeri,

232 1304 324 1350 siue
346 1304 571 1350 historiam
594 1300 698 1347 belli
714 1303 896 1348 Troiani
915 1318 938 1348 a
960 1312 1111 1363 morte
1135 1304 1500 1364 Hectoris‘vsque

232 1374 289 1421 ad
316 1372 598 1419 Achaeorum
619 1371 838 1422 reditum,
870 1372 918 1415 in
943 1388 1027 1430 qua
1047 1380 1210 1429 narrat,
1242 1371 1362 1428 (nam
1386 1389 1499 1431 poe-

234 1448 283 1486 ta
318 1443 456 1502 apicus
490 1440 674 1497 proprie
705 1438 792 1482 dici
825 1437 1045 1499 nequit,)
1091 1454 1160 1482 res
1190 1441 1246 1486 ab
1281 1441 1496 1486 heroibus
1554 1443 1558 1455 ¹

233 1507 389 1570 gestas,
456 1509 607 1564 Atque
624 1537 636 1560 ,
671 1504 832 1551 collata
853 1506 1000 1553 tabula
1027 1506 1155 1551 Iliaca
1178 1507 1410 1565 probabile
1430 1511 1496 1553 vi-

227 1578 369 1622 detur
395 1574 648 1632 Tychsenio
663 1605 676 1628 ‚
703 1581 888 1632 poetam
906 1583 1011 1620 ante
1033 1574 1188 1619 oculos
1211 1572 1404 1621 habuisse
1426 1575 1500 1621 Ili·

231 1644 315 1688 ada
339 1642 511 1688 Leschis
531 1656 729 1700 paruam.
798 1644 942 1686 Immo
965 1657 1072 1687 vero
1096 1641 1149 1686 cl.
1174 1640 1315 1686 Schola
1335 1645 1382 1687 in
1403 1645 1498 1702 epi-

230 1710 353 1757 stolis
389 1710 577 1763 criticis,
614 1705 821 1768 (Romae
862 1722 1001 1767 1790.
1042 1709 1122 1767 4.)
1158 1718 1205 1754 et
1237 1711 1418 1768 quidem
1447 1713 1498 1755 in

233 1778 383 1825 altera
414 1778 469 1821 ad
508 1774 835 1835 Tychsenium‚
879 1777 926 1818 in
959 1791 1042 1834 qua
1073 1791 1100 1819 e
1128 1775 1327 1834 pluribus
1365 1779 1496 1826 codd.

231 1842 455 1907 permulta
476 1851 636 1902 poetae
656 1841 754 1889 loca
777 1841 985 1898 restituit,
1021 1845 1278 1889 emendauit
1298 1854 1373 1891 aut
1396 1846 1496 1904 sup-

233 1914 404 1976 pleuit,
440 1924 542 1971 pag.
566 1924 641 1969 59
673 1911 851 1968 censet,
890 1918 1151 1956 contextum
1170 1914 1373 1957 carminis
1399 1928 1494 1958 non

231 1982 374 2029 modo
398 1979 607 2026 vitiosum
630 1975 741 2032 effe,
777 1978 849 2023 sed
874 1987 920 2024 et
940 1978 1082 2036 ipsum
1104 1993 1280 2024 carmen
1303 1995 1356 2024 ex
1377 1983 1491 2025 vari-

229 2053 270 2098 is
311 2048 534 2094 variorum
572 2055 830 2104 temporum
852 2054 986 2103 atque
1009 2053 1248 2104 poetarum
1270 2051 1491 2108 fragmen·

229 2120 288 2167 tis
309 2114 605 2175 compositum
623 2122 758 2172 atque
781 2113 1043 2164 consutum3
1074 2112 1212 2159 multa
1234 2117 1367 2161 etiam
1388 2117 1493 2161 seri-

229 2204 314 2233 ore
348 2186 529 2230 demum
564 2191 711 2228 aetate
737 2197 789 2225 ex
809 2182 1010 2242 margine
1033 2182 1168 2228 codd.
1190 2182 1376 2240 inserta,
1413 2193 1490 2230 aut

230 2258 286 2301 ab
318 2270 403 2308 eo,
460 2253 535 2310 qui
571 2250 645 2294 has
678 2250 983 2326 antiquiorum
1011 2257 1246 2307 poetarum
1281 2249 1487 2308 reliquias

228 2326 350 2371 inter
383 2322 426 2366 se
463 2319 720 2369 contexuit,
749 2318 923 2363 innexa.
989 2318 1120 2364 Conf
1144 2325 1294 2362 tamen
1331 2319 1489 2363 censo·

229 2406 329 2438 tem
365 2392 412 2434 in
449 2387 653 2449 ephem.
671 2383 965 2447 Gottingens.
1000 2383 1141 2434 litter.
1187 2397 1328 2446 1791.
1370 2384 1489 2447 plag.

238 2471 348 2521 119.

1312 2598 1360 2649 3.
1395 2586 1490 2633 Pri·
