1686 3025
225 236 321 297 556
600 233 862 308 MJCHAEL
897 233 1114 282 GLrCAS.

224 363 361 417 dant,
395 360 686 419 probabiliter
706 369 882 408 tantum
901 359 1047 420 potest
1071 359 1233 421 Glycae
1253 364 1370 406 aetas
1400 359 1480 405 de-

226 429 370 479 finiri3
406 443 554 487 neque
586 438 738 476 tamen
763 445 817 475 ex
840 428 923 474 illis
946 444 1031 473 vna
1055 428 1113 473 est
1130 461 1145 486 ,
1180 444 1292 487 quae
1319 427 1478 472 iudici-

227 512 304 541 um
339 504 560 553 notasque
590 496 749 541 saeculi
786 498 883 541 XV.
904 512 1008 554 prae
1028 496 1071 541 se
1098 500 1225 542 ferat.
1293 494 1360 539 Ex
1381 497 1480 553 qui-

225 566 308 608 bus
351 564 565 619 omnibus,
608 564 838 609 concludit
883 563 1146 620 Wakhius,
1197 577 1251 608 ex
1282 560 1478 621 epistolis

225 631 341 676 haud
372 638 470 676 tuta
500 646 583 688 pro
610 631 772 691 Glycae
796 639 941 677 aetate
961 630 1118 676 saeculi
1140 632 1241 684 XV.
1267 625 1391 689 poffe
1412 643 1482 674 ar-

225 706 440 760 gumenta
463 698 588 753 sumi,
612 707 659 744 et
673 698 976 757 quaestionem
998 700 1056 742 de
1077 699 1172 742 eius
1196 706 1342 744 aetate
1364 711 1482 741 non-

177 763 185 768 *
224 768 335 811 dum
367 761 452 809 effe
479 765 729 824 explicitam
753 781 903 824 neque
927 769 980 811 ab
1002 768 1127 810 omni
1149 764 1334 810 liberam
1354 765 1483 808 dubi·

221 836 420 893 tatione:
450 835 676 891 antiquam
687 834 868 892 quidem
887 842 936 880 et
954 833 1179 893 vulgatam
1198 832 1482 889 sententiam,

224 916 337 960 quae
371 902 638 946 certioribus
675 916 827 945 rerum
857 903 957 946 nixa
1000 899 1053 946 fit
1085 900 1287 957 fulturis,
1340 899 1482 945 videri
1535 907 1543 917 ·

223 968 538 1027 probabilitate
551 971 732 1013 vincere
758 970 1089 1014 recentiorem:
1128 984 1152 1012 e
1171 969 1398 1013 contrario
1415 975 1481 1012 ta-

224 1052 329 1080 men
358 1035 488 1093 hanc,
523 1033 629 1080 licet
658 1037 840 1080 incertis
863 1050 1043 1094 quoque
1066 1034 1221 1079 fultam
1240 1038 1481 1095 argumen-

224 1106 282 1149 tis
298 1135 310 1157 ‚
338 1098 461 1160 poffe
492 1103 741 1145 rationibus
765 1102 947 1157 probari
970 1100 1245 1144 melioribus,

328 1182 369 1211 2.
404 1171 561 1225 Aeque
583 1169 779 1219 incerta,
815 1166 1043 1223 quondam
1066 1167 1274 1224 quidem,
1307 1165 1396 1211 visa
1421 1165 1485 1212 est

224 1235 389 1293 Glycae
420 1235 576 1292 patria.
641 1236 754 1278 Eum
774 1235 895 1277 enim
920 1229 1043 1278 fuiffe
1067 1233 1258 1279 Siculum
1281 1235 1486 1288 natione,

223 1304 373 1362 plures
394 1302 708 1366 adfirmarunt:
746 1315 786 1342 v
801 1302 1053 1377 lVlongitor.
1077 1300 1106 1345 l
1136 1317 1173 1346 c.
1199 1303 1252 1345 In
1275 1317 1360 1360 qua
1381 1300 1482 1345 hae·
1524 1296 1528 1297 ⁷

222 1369 306 1416 resi
330 1376 425 1415 erat
445 1367 625 1427 quoqu'e
647 1369 817 1412 Lamius
852 1369 900 1411 in
923 1370 1076 1425 priore
1101 1370 1158 1413 de
1173 1368 1306 1428 Glyca
1330 1364 1483 1414 differ-

222 1446 303 1484 tat.
325 1446 371 1482 at
389 1439 435 1481 in
456 1435 702 1494 posteriore
734 1435 926 1480 mutauit
948 1436 1213 1481 sententiam
1235 1446 1283 1482 et
1307 1437 1483 1480 Boiuini

223 1506 419 1558 iudicio,
452 1503 636 1564 Glycam
657 1500 781 1547 fuisse
804 1503 1101 1561 Byzantinum
1124 1501 1380 1562 subscripsit,
1404 1503 1481 1548 sed

223 1574 286 1619 ita
303 1604 315 1626 ‚
349 1580 398 1618 vt
419 1587 513 1616 non
536 1585 789 1631 repugnare
804 1602 816 1625 ‚
849 1570 1065 1628 sentiret,
1096 1570 1277 1630 Glycam
1302 1572 1481 1630 origine

224 1637 353 1685 fuisse
390 1638 967 1696 constantinopolitanum,
1001 1638 1196 1684 incolatu
1232 1655 1341 1684 veto
1361 1640 1480 1684 Sicu·-

224 1707 344 1759 lum,
380 1708 640 1764 praecipue,
676 1704 706 1749 fi
731 1705 978 1751 Monachus
1017 1715 1140 1759 erat,
1177 1715 1227 1752 vt
1259 1707 1480 1751 Fabricius
1538 1729 1542 1731 -

225 1777 494 1827 arbitratur,
530 1781 604 1826 et,
645 1774 709 1817 vti
732 1774 778 1815 in
808 1773 964 1816 codice
988 1774 1274 1823 Riccardiano
1301 1774 1481 1826 dicitur,

226 1842 558 1903 grammaticus:
596 1854 681 1898 qua
706 1839 762 1884 de
778 1855 826 1884 re
841 1833 1056 1897 =copiosus
1083 1839 1144 1885 est
1165 1840 1338 1883 Lamias
1358 1842 1405 1883 in
1426 1842 1481 1886 11.

225 1904 320 1954 diss.
347 1924 444 1969 pag.
468 1910 582 1954 XIV.
606 1908 702 1983 sqq.
773 1909 898 1951 Idem
917 1908 1035 1951 Lam.
1060 1908 1108 1951 in
1129 1904 1218 1952 diff
1247 1910 1281 1954 I
1302 1908 1400 1952 init
1426 1921 1481 1952 ex

225 1975 446 2028 versibus,
499 1977 575 2035 qui
617 1976 664 2018 in
705 1976 832 2018 variis
876 1975 1008 2019 codd
1051 1974 1214 2034 Glycae
1260 1974 1483 2020 annalium

225 2046 371 2089 msstis
397 2049 662 2087 occurrunt.
699 2060 743 2088 ος
766 2039 943 2102 ἐκτγένες
968 2039 1130 2102 ἔσχηκε
1150 2047 1185 2090 Γ
1186 2040 1378 2090 λυκετων
1398 2035 1484 2089 λοί-

225 2129 316 2173 χος
336 2121 430 2156 etc
453 2112 532 2172 qui
554 2124 605 2152 ex
617 2123 773 2170 genere
794 2103 944 2151 habuit
967 2108 1186 2168 Glycetam
1207 2111 1367 2170 sortem
1393 2118 1480 2156 etc.

226 2179 449 2232 ostendit,
485 2193 588 2222 eum
622 2178 990 2237 cognominatum
1014 2174 1100 2222 effe
1125 2176 1322 2236 Glycam,
1354 2177 1481 2235 quod

227 2262 284 2291 ex
314 2236 585 2304 Glycetaru'm
607 2244 765 2289 familia
790 2240 924 2290 effet:
960 2245 1162 2304 adeoque
1184 2244 1270 2290 falli
1294 2245 1478 2289 Fabrici-

226 2329 333 2366 um,
369 2315 654 2366 arbitratum,
692 2327 947 2372 cognomen
975 2311 1084 2357 illud
1111 2315 1163 2357 ab
1185 2328 1241 2358 eo
1265 2313 1478 2358 adscitum

230 2377 352 2426 fuisse
369 2413 382 2436 ‚
410 2395 546 2439 quum
571 2379 857 2424 monasticum
879 2378 1088 2425 induisset
1109 2380 1321 2426 habitum.

334 2464 374 2508 3.
415 2447 607 2492 Annales
639 2448 842 2492 condidit
880 2462 902 2491 a
935 2449 1090 2491 mundi
1128 2449 1314 2492 exordio
1340 2460 1478 2505 vsque

229 2516 283 2561 ad
318 2517 492 2562 obitum
517 2514 660 2562 Alexii
694 2516 1197 2574 Comneniimpetator.
1223 2539 1275 2549 -··
1321 2529 1479 2575 graece

1432 2593 1483 2626 ac
