1727 3005
281 236 342 287 28
380 275 390 278 -
833 224 1026 285 PHILO.

381 356 427 404 6.
463 356 597 405 Conf.
627 349 820 399 Fabricii
850 355 896 398 B.
929 354 1006 399 Gr.
1034 350 1134 401 Vol.
1175 355 1272 399 1111.
1305 354 1429 400 Libr.'
1455 354 1534 402 IV.

277 437 373 485 cap.
407 440 453 483 4.
478 427 552 470 vbi
587 423 711 481 plura
743 419 907 476 adtuli,
967 420 1172 464 Bruckeri
1198 420 1350 467 histor.
1390 422 1536 468 critic.

275 495 436 554 philos.
459 491 559 540 Vol.
585 493 639 534 ΙΙ.
660 504 760 550 pag.
782 501 894 548 797.
919 488 1013 547 sqq.
1038 497 1086 534 et
1118 489 1166 532 in
1196 490 1402 546 Append.
1442 487 1550 535 siue.
1586 507 1592 515 =

275 562 375 607 Vol.
390 560 463 605 VI.
477 574 571 618 pag.
587 570 698 615 452.
723 557 812 614 sqq.
826 551 1112 615 Hambergeri
1129 552 1364 601 Zuverl'aff.
1387 556 1534 611 Nach-

272 630 451 675 richten
470 626 572 672 Vol.
597 627 649 669 ΙΙ.
673 640 771 685 pag.
795 629 871 676 28.
897 623 959 682 sq.
989 622 1114 667 Petri
1154 620 1407 683 Weffelingii
1440 625 1535 681 epi.

273 696 430 743 stolam
450 695 506 739 de
531 690 714 751 Aquilae
735 692 975 751 inscriptis
1002 690 1198 736 Philonis
1236 691 1387 735 Iudaei
1421 692 1536 752 frag-

272 765 466 816 mentis,
497 763 615 807 Trai,
639 761 693 805 ad
716 759 854 805 Rhen.
875 764 1018 816 1748.
1048 764 1089 811 8.
1154 757 1534 804 Vtilitaternilliua
1622 806 1626 811 ,

269 833 322 878 in
340 834 394 875 V.
420 838 470 876 et
500 834 558 876 N.
591 830 648 873 T.
680 829 914 872 euicerunt:
948 825 1121 884 plures:
1177 823 1382 870 Claudius
1409 825 1534 871 Frees

269 899 548 943 Hornemann
565 897 612 939 in
629 895 868 951 specimine
891 895 1259 939 exercitationum
1281 894 1531 939 criticarum

268 968 321 1013 in
339 964 589 1010 versionem
607 965 735 1007 LXX.
760 964 1060 1019 interpretum
1088 977 1140 1006 ex
1172 961 1380 1014 Philone,
1422 962 1534 1005 Got-

269 1037 426 1094 tingae
459 1044 598 1091 1773.
625 1037 665 1083 8.
689 1038 736 1074 et
760 1031 805 1074 in
837 1030 1230 1075 Obseruationibus
1262 1030 1316 1073 ad
1347 1027 1532 1073 illustra-

260 1104 444 1149 tionem
466 1099 693 1144 doitrinae
721 1098 778 1142 de
808 1112 979 1142 canone
999 1100 1054 1142 V.
1075 1099 1131 1142 T.
1158 1111 1214 1141 ex
1236 1096 1440 1148 Philone,
1462 1115 1531 1130 -—-

267 1171 476 1216 Hauniae
509 1179 650 1224 1775.
675 1172 716 1214 8.
751 1188 816 1199 --
851 1159 1002 1207 Bened.
1029 1164 1248 1226 Carpzov,
1279 1165 1326 1208 111
1349 1162 1532 1210 Strictu-

265 1237 330 1282 xis
369 1233 650 1294 philologieis
693 1235 740 1277 in
782 1231 1009 1290 epistolam
1048 1231 1166 1276 Pauli
1202 1232 1257 1276 ad
1290 1233 1532 1282 Romanos,

266 1302 516 1350 Helmstad.
556 1307 695 1358 1758.
730 1305 772 1352 8.
803 1309 853 1344 et
891 1301 940 1343 in
977 1299 1374 1344 Exercitationibus
1393 1298 1530 1342 ζ1118.

264 1370 390 1416 Pauli
413 1367 638 1427 epistolam
661 1368 715 1412 ad
735 1368 984 1420 Hebraeos,
1028 1381 1083 1410 ex
1119 1364 1332 1417 Philone,
1374 1362 1531 1408 Helm·

261 1437 370 1484 stad.
399 1449 539 1493 1750.
566 1435 666 1478 mai.
708 1439 747 1484 8.
773 1435 849 1491 qui
875 1434 1010 1477 etiarn
1033 1434 1080 1476 in
1092 1431 1348 1491 prolegom.
1371 1441 1530 1476 contra

261 1505 524 1565 Mangeium
537 1500 811 1558 disputatrde
825 1494 963 1562 λόγῳ,
994 1514 1102 1543 num
1123 1501 1308 1543 loannes
1328 1500 1376 1542 in
1387 1501 1530 1543 Euan·

262 1572 387 1635 gelio
422 1586 476 1616 ex
504 1567 690 1615 Philone
712 1566 932 1613 sumserit.
966 1566 1080 1610 adde
1112 1562 1311 1609 Pfeifferi
1336 1573 1436 1610 not.
1471 1565 1528 1611 ad

263 1639 441 1699 proleg.
465 1636 660 1695 Mangeii
684 1649 783 1695 pag.
807 1635 961 1680 XXVI.
982 1633 1043 1691 sq.
1067 1640 1115 1677 et
1134 1631 1313 1693 'Loesncr
1344 1647 1445 1677 cum
1477 1635 1528 1679 in

260 1707 511 1755 lestionum
532 1701 888 1747 Philonianarum
912 1700 1167 1758 specimine,
1202 1697 1367 1758 Lipsiae
1383 1705 1528 1757 1758.

262 1790 315 1834 4.
337 1782 435 1819 tum
455 1774 501 1816 in
522 1769 918 1816 obseruationibus
956 1768 1008 1812 ad
1033 1771 1089 1814 N.
1115 1768 1167 1812 T.
1193 1783 1218 1811 e
1250 1766 1442 1823 Philone
1466 1766 1525 1810 A-

262 1841 553 1895 lexandrino‚
591 1834 756 1895 Lipsiae
786 1848 925 1892 1777.
951 1840 997 1887 8.
1032 1861 1091 1869 —
1126 1831 1218 1882 Ad.
1244 1828 1369 1881 Frid.
1396 1829 1526 1879 Kschn

260 1909 540 1969 spicilegium
570 1906 622 1951 C.
656 1907 702 1948 F.
740 1904 952 1947 Loesneri
991 1898 1114 1950 Obss.
1147 1901 1446 1947 Philoniarum
1475 1903 1524 1948 in

261 1981 372 2024 MT.
396 2001 456 2010 —
474 1971 575 2017 Chr.
598 1969 710 2016 Guil.
730 1967 992 2014 Thalemann
1025 1971 1082 2015 de
1114 1972 1234 2016 nube
1265 1969 1397 2028 super
1425 1985 1524 2023 arca

260 2044 458 2092 foederis
483 2056 583 2086 curn
605 2040 818 2083 vindiciis.
845 2043 949 2085 Ace.
972 2047 1265 2084 commentat.
1284 2037 1342 2082 de
1373 2037 1523 2082 austoe·

259 2115 396 2161 ritate
415 2106 607 2153 Philonis
628 2115 675 2152 et
698 2105 869 2164 Iosephi
887 2108 934 2150 in
968 2105 1145 2153 historia
1179 2108 1348 2152 rituum
1380 2105 1524 2149 sacro·

262 2196 379 2227 rum.
421 2175 585 2235 Lipsiae
618 2188 756 2233 ¹771·
787 2180 827 2224 8.
851 2175 927 2233 qui
948 2172 1029 2221 lib.
1067 2173 1194 2219 valde
1236 2172 1520 2219 commenda-

261 2256 339 2296 tur
375 2249 423 2293 in
457 2242 627 2291 Ernesti
660 2237 814 2287 nouiss.
849 2240 1056 2288 biblioth.
1092 2240 1300 2302 theolog.
1336 2246 1449 2285 tom.
1478 2252 1520 2285 1.

259 2324 374 2376 part.
394 2317 447 2358 V.
471 2329 515 2372 p.
536 2311 634 2370 469
656 2310 751 2370 sqq.
782 2312 843 2355 M.
858 2304 1070 2353 Gottleber
1099 2310 1145 2353 in
1171 2308 1243 2350 IV.
1274 2305 1521 2355 Prolusion.

259 2385 446 2431 Misniae
474 2390 615 2437 1773.
638 2386 686 2423 et
715 2390 854 2434 1774.
885 2377 1126 2435 inscriptis:
1164 2372 1520 2420 Animaduersioa

261 2467 343 2500 nes
367 2449 621 2499 historicae,
654 2437 1130 2504 philologico-criticae
1157 2443 1209 2487 ad
1241 2441 1434 2486 Philonis
1453 2440 1519 2487 le·

262 2522 496 2585 gationem
517 2515 572 2562 ad
594 2514 772 2568 Caium,
824 2510 1032 2568 ostendit,
1075 2510 1310 2558 Philonem
1328 2511 1415 2558 iam
1436 2524 1518 2624 ρῖτ

1404 2630 1415 2638 ,,
1476 2590 1518 2632 eo
