1686 3025
593 230 880 288 LVCIANVS.
1270 255 1332 290 20
1342 255 1362 287 1

109 363 421 429 Goettingenfi
450 368 493 413 d.
519 369 573 411 ΙΙ.
599 369 714 428 Aug.
745 378 884 424 1777.
903 380 978 416 ea,
1014 363 1131 423 quac-i
1148 361 1368 409 Lucianus

106 441 153 484 in
178 436 330 482 libello
359 435 445 480 siue
480 437 627 494 potius
667 436 794 479 satira
839 432 1089 478 romanenfi
1124 433 1181 477 de
1217 442 1368 478 morte

105 505 355 564 Peregrini,
391 505 448 548 de
468 504 692 548 veteribus
717 500 955 546 christianis
981 517 1081 546 vera
1102 509 1149 546 et
1160 498 1257 546 fista
1279 509 1370 546 tra-

112 575 255 626 didit,
292 571 549 632 diligentius
573 568 855 627 conquffiust,
892 571 1133 622 enarrauit.
1156 584 1257 613 curn
1277 567 1370 613 aliis

111 641 415 697 comparauit,
481 647 615 694 atque
661 638 902 683 Vtilitatem
946 638 993 680 in
1035 637 1371 694 antiquitatibus

112 708 330 753 christian.
367 705 584 755 ostendit:
624 706 744 748 cuius
778 705 1051 749 recitationis
1077 706 1287 749 summam
1309 702 1375 747 le*

113 791 192 837 ges
216 777 261 819 in
286 773 465 831 Ephem.
490 772 852 830 litterfiotting.
886 787 955 815 nr.
987 786 1090 830 103.
1112 788 1149 818 a.
1181 785 1376 829 1777.p.

119 850 231 898 817
278 842 370 899 sqq.
406 840 557 884 exc-usa
599 838 764 897 legitur
807 837 879 883 illa
921 841 1128 883 recitatio
1173 841 1220 882 in
1283 837 1378 885 vol.

115 911 278 952 vinno
300 923 463 951 nouor.
488 906 851 949 commentarior.
876 906 961 951 soc.
987 903 1309 964 Gottingenfis
1337 934 1378 944 ..-

111 975 170 1018 Le
193 975 320 1029 Bcau,
350 975 549 1030 minoris,
576 968 696 1018 Obff.
721 973 769 1017 in
792 970 973 1016 Luciani
996 987 1178 1018 aureum
1200 971 1380 1027 asinum,

116 1042 220 1087 Vol.
249 1057 322 1102 34.
349 1010 549 1085 Histoire’
567 1041 623 1084 de
649 1039 679 1084 l'
701 1039 837 1089 Acad
833 1038 1026 1097 Royale
1045 1041 1121 1084 des
1146 1039 1182 1086 I.
1206 1048 1254 1085 et
1273 1043 1318 1084 Β.
1330 1039 1381 1084 L.

117 1112 248 1157 Paris.
280 1123 415 1168 1770.
441 1125 544 1168 pag
564 1122 642 1167 43.
669 1107 761 1166 sqq.
783 1131 852 1141 —-
918 1102 1079 1168 Saggio
1103 1108 1229 1166 sopxa
1252 1106 1381 1152 Luci-

119 1194 234 1235 an0‚
262 1193 294 1222 o
316 1176 371 1222 fia
398 1178 576 1228 Quadro
604 1176 647 1220 d’
667 1175 830 1220 antichi
874 1191 898 1220 e
923 1176 968 1220 di
993 1177 1201 1221 moderni
1224 1175 1382 1221 Costu-

123 1244 186 1290 mi
221 1246 285 1301 (di
307 1247 501 1290 Nicarno
528 1242 717 1298 Fefilio‚)
752 1239 918 1287 Baffan.
955 1252 1003 1288 et
1034 1245 1196 1288 Venet.
1242 1250 1383 1300 1789.

129 1319 172 1364 8.
205 1311 419 1359 Tabulam
441 1309 556 1369 quafi
582 1320 786 1355 veterum
808 1320 855 1356 et
876 1313 1181 1355 recentiorum
1203 1325 1384 1355 morum

127 1381 352 1439 confflem,
383 1381 517 1424 conf.
545 1379 591 1420 L’
622 1379 771 1435 Esprit
799 1379 875 1422 des
906 1381 1142 1434 Iournaux,
1175 1393 1231 1423 m.
1262 1381 1384 1423 Nou.

135 1460 259 1506 1790
296 1454 406 1492 tom.
434 1448 509 1491 XL
536 1460 634 1503 pag.
655 1457 750 1501 207
797 1469 854 1478 --
872 1502 874 1504 v
893 1446 986 1492 226
1011 1453 1057 1491 et
1077 1461 1230 1490 mense
1242 1445 1304 1503 sq.
1325 1469 1377 1477 —-

130 1513 185 1557 Io.
209 1513 264 1560 H.
286 1513 451 1566 Mache,
487 1512 662 1556 Recstor.
693 1511 868 1557 scholae
895 1512 1205 1570 Grimmenss5‚
1234 1510 1390 1573 progr.

130 1583 188 1626 de
222 1583 352 1625 rebus
387 1579 760 1631 Christianorum,
800 1580 1052 1624 testimonia
1088 1595 1142 1624 ex
1175 1582 1386 1624 Luciano.

131 1646 297 1706 Lipsiae
329 1652 466 1702 1788.
487 1659 532 1701 4.
560 1648 660 1703 Pag.
690 1657 745 1702 15
785 1645 849 1702 sq.
889 1662 941 1690 ex
974 1646 1078 1690 loco
1112 1648 1307 1703 quodam
1338 1650 1389 1692 in

127 1714 370 1772 Philopatr.
394 1714 451 1757 de
487 1712 705 1761 trinitate,
741 1711 841 1756 coll.
878 1711 986 1757 locis
1018 1715 1135 1770 apud
1171 1715 1391 1759 Tertulia-

130 1797 240 1827 num
262 1790 309 1826 et
333 1781 619 1840 Cyprianurn,
647 1780 887 1835 probatum
907 1782 967 1832 it,
997 1781 1058 1824 ibi
1080 1796 1104 1824 e
1126 1780 1299 1825 saeculo
1315 1784 1391 1827 IV.

132 1850 321 1908 reperiri
342 1847 533 1908 vestigia,
565 1845 716 1890 locum
740 1847 773 1890 1.
800 1849 925 1892 loan.
950 1850 1004 1894 V.
1045 1861 1091 1903 7.
1117 1845 1202 1892 esse—
1231 1850 1390 1907 genui-

136 1933 267 1968 num,
303 1931 450 1973 neque
472 1909 685 1975 glossema
718 1935 786 1948 --
851 1911 1048 1958 Schiztzii
1085 1931 1241 1975 progr.
1274 1915 1392 1961 diffi-

137 1983 264 2029 cilior
285 1982 411 2027 locus
433 1982 548 2039 apud
571 1983 749 2027 Lucian.
783 1981 842 2026 de
863 1983 1179 2030 conscribenda
1200 1982 1392 2038 historia,

136 2068 232 2110 cap.
261 2052 339 2108 5‘4.
364 2049 621 2109 explicatur.
689 2051 818 2094 lenae
852 2063 993 2110 1792.
1020 2050 1098 2097 fol.
1122 2074 1189 2084 --
1225 2050 1258 2097 J.
1283 2052 1326 2098 C.
1348 2051 1391 2097 S.

140 2121 340 2174 Germar‚
373 2119 494 2162 Prof
535 2115 742 2163 Thorun
765 2115 918 2177 Progr.
944 2117 1166 2175 symbolae
1189 2119 1244 2162 ad
1265 2120 1396 2163 Luci-

135 2189 213 2232 ani
235 2188 396 2232 Samos.
421 2186 476 2229 de
499 2192 648 2228 morte
671 2186 895 2243 Peregrini
922 2185 1119 2230 libellum
1139 2186 1296 2229 refflus
1326 2202 1397 2231 ae·

81 2303 85 2306 ,
142 2253 416 2299 stimandum.
481 2252 688 2296 Thorun
728 2257 869 2311 1789
904 2252 981 2298 fol.
1013 2252 1232 2304 Ostendit,
1269 2254 1397 2298 Luci-

144 2336 276 2364 anum
302 2323 348 2364 in
370 2318 446 2364 isso
472 2318 651 2378 dialogo
676 2319 869 2376 Cynicos
906 2319 1054 2378 lepide
1088 2305 1399 2378 perstrinxisse‚

145 2387 411 2433 Christianos
456 2394 619 2435 autern
648 2387 796 2431 obiter
825 2395 999 2432 tantum
1034 2396 1081 2434 et
1112 2388 1401 2442 moderatius,

151 2469 282 2514 quam
319 2456 371 2498 ab
405 2457 495 2499 eius
529 2455 714 2514 ingenio
735 2453 970 2511 exspeetari
999 2457 1168 2513 potuit,
1214 2455 1400 2514 satyrice

119 2520 129 2523 “
150 2517 334 2568 notasse.
408 2524 527 2569 Tum
577 2517 939 2583 probabilitatem
989 2524 1232 2570 sententiae
1286 2523 1404 2577 suae,

743 2590 782 2635 N
821 2603 845 2651 ς
1250 2591 1401 2639 thema
