1686 3025
225 240 317 289 180
688 228 1010 279 PAVSANJAS.

224 361 284 406 tit
319 353 518 402 Romulus
554 350 811 413 Amasaeus,
865 353 1066 401 Florent.
1111 366 1248 412 155¹·
1288 361 1373 400 etc.
1408 376 1476 389 —·-

227 442 385 488 graece
419 435 466 470 et
500 424 660 475 latine,
717 436 770 465 ex
808 437 856 466 re
861 421 1068 467 censione
1101 421 1216 468 Guil.
1251 417 1482 481 Xylzndri,

229 497 306 553 qui
329 493 530 538 Aldinam
554 490 800 556 editionem
829 505 1029 549 graecam
1059 489 1256 547 plurimis
1294 491 1341 533 in
1369 489 1507 534 locis*

229 559 510 609 emendmst,
562 552 661 602 cum
699 557 918 601 adnot-att.
959 573 1070 615 quae
1105 573 1129 600 a
1165 559 1219 603 G.
1252 556 1480 616 Xylandro

229 626 380 686 paullo
403 633 504 669 ante
526 626 701 669 obitum
730 623 977 677 inchoatae,
1013 640 1036 668 a
1067 625 1179 669 Frid.
1221 632 1368 668 autem
1390 624 1482 684 Syl-

231 694 395 753 burgio
430 693 709 736 continuatae
726 722 738 744 ,
781 707 906 751 maga
931 688 1168 737 accessione
1190 690 1486 748 locupletatae

229 761 349 809 sunt,
389 759 695 817 iudicibusque
717 756 1063 816 Locupletissimis
1090 769 1138 804 et
1159 758 1381 818 Sylburgii
1399 759 1486 803 dis-

230 828 476 873 sertatione
525 826 580 870 de
624 827 917 886 grammaticis
963 826 1192 871 PausanIae
1238 825 1486 870 anomaliis:

232 897 346 940 item
374 887 674 952 descriptione
711 895 916 937 Graeciae
953 910 978 937 e
1010 896 1235 939 Strabonis
1273 896 1491 951 epitome,

231 960 496 1007 Ptolemaeo
522 976 570 1004 ac
592 958 750 1012 Plinio,
770 963 970 1004 francof.
1000 966 1141 1020 1583.
1169 959 1244 1005 fol.
1271 961 1387 1016 apud
1410 961 1491 1004 he-

235 1027 536 1074 redesinndr.
555 1026 760 1071 Wechel.
783 1026 1027 1087 (Sylburgii
1054 1037 1191 1073 notae
1214 1035 1386 1073 textum
1418 1043 1491 1088 gr.

236 1097 478 1152 excipiunt,
506 1090 731 1151 praemissa
753 1093 875 1152 epist.
901 1095 1193 1147 dedicatoria,
1233 1097 1281 1138 in
1319 1111 1402 1154 qua
1432 1096 1491 1139 de

233 1163 292 1209 11.
311 1161 641 1218 exemplaribus,
659 1161 892 1218 aliquoties
916 1162 1175 1212 emendatis,
1192 1160 1371 1221 aliisque
1396 1163 1496 1206 sub-

240 1228 373 1284 fidiis‚
404 1230 559 1285 quibus
578 1227 674 1271 vsus
699 1227 770 1277 est,
808 1228 992 1272 candide
1016 1224 1218 1284 diss'erin)
1255 1230 1497 1287 Separatim

239 1293 444 1341 adiundta
468 1293 528 1338 est
547 1293 689 1338 versio
715 1291 913 1352 Amasaei
934 1294 1090 1349 latina,
1123 1310 1147 1338 a
1175 1297 1291 1340 Frid.
1320 1297 1499 1353 Sylbur-

243 1365 321 1424 gio
347 1361 546 1419 plurimis
564 1360 670 1405 locis
698 1363 946 1414 emendata,
978 1371 1025 1406 et
1047 1364 1168 1407 notis
1187 1361 1408 1410 illustrata.
1431 1387 1499 1398 -

240 1430 377 1476 Nude
404 1429 596 1485 repetita
608 1427 667 1471 est
687 1427 758 1471 illa
780 1429 919 1472 editio
947 1431 1127 1473 Hanon.
1162 1429 1300 1490 1613.
1331 1429 1409 1478 fol.
1430 1439 1501 1491 ty-

247 1499 314 1555 pis
342 1494 546 1540 VVechel.
569 1492 648 1538 nisi
667 1503 716 1540 vt
733 1493 875 1539 versio
896 1494 1031 1540 latina
1054 1498 1195 1541 textui
1221 1513 1301 1555 per
1315 1497 1500 1559 singulas

245 1564 425 1623 paginas
447 1563 595 1606 addita
620 1561 686 1607 sit.
706 1585 771 1595 -
806 1563 986 1619 Optima
1009 1563 1094 1607 huc
1115 1579 1252 1621 vsque
1277 1564 1352 1619 est,
1371 1581 1499 1624 quam

248 1626 387 1673 Ioach.
406 1625 604 1670 Kuhnius
627 1644 784 1689 graece
806 1637 852 1673 et
873 1628 946 1674 lat.
972 1645 1072 1672 cum
1091 1631 1287 1675 Amasaei
1299 1631 1500 1678 versione

249 1697 443 1751 curauit,
477 1693 640 1751 Lipsiae
675 1694 911 1749 16›96.f01.⁴
979 1695 1176 1740 Kuhnius
1211 1705 1359 1744 autem
1380 1699 1503 1744 Aldi-

248 1779 305 1808 na
327 1763 528 1806 editione
555 1763 606 1806 ab
622 1758 671 1806 Is.
685 1762 945 1808 Casaubono
958 1762 1105 1809 multis
1117 1764 1503 1812 animaduersioni-

250 1832 329 1874 bus
362 1830 525 1874 MSStis
556 1828 759 1887 explicita
791 1839 923 1887 atque
966 1831 1160 1875 correcta
1200 1833 1295 1876 vsus
1329 1839 1505 1880 textum

249 1898 378 1954 saepe
399 1895 673 1950 emendauit‘,
706 1906 752 1942 et
774 1896 994 1958 Sylburgii
1016 1913 1063 1942 ac
1083 1897 1298 1959 Xylandri
1320 1902 1506 1949 adnota-

248 1965 450 2013 tionibus
475 1963 566 2007 suas
588 1964 773 2009 addidit.

354 2031 622 2085 Enimuero,
653 2029 681 2075 fi
711 2032 805 2089 quis
829 2030 1006 2087 audior,
1038 2029 1259 2078 Pausanias
1281 2043 1402 2081 certe
1425 2053 1509 2082 no-

254 2112 315 2142 uo
337 2107 445 2158 eget
473 2108 649 2152 ornatu,
673 2112 900 2156 'nouoque
923 2099 1114 2151 editore,
1152 2103 1226 2159 qui
1245 2118 1338 2147 non
1363 2103 1505 2150 solum

254 2163 364 2210 locis
386 2162 502 2208 haud
524 2168 683 2223 paucis,
719 2164 842 2209 fluxis
870 2174 917 2211 et
940 2170 1159 2226 corruptis
1173 2184 1224 2213 ex
1238 2171 1370 2217 codd.
1398 2171 1532 2216 aliis-⁷

259 2248 346 2290 que
371 2231 562 2276 subsidiis
577 2234 735 2279 criticis
750 2242 882 2291 atque
895 2237 1183 2293 grammaticis
1196 2238 1410 2283 medicam
1433 2241 1510 2284 ad-

259 2303 374 2344 ferat
394 2315 593 2359 manum,-
628 2300 703 2345 sed
719 2303 851 2346 etiam
864 2303 915 2344 ab
931 2301 1107 2347 scientia
1117 2306 1259 2346 omnis
1272 2308 1510 2364 antiquita-

258 2367 331 2419 tis,
353 2375 442 2412 tam
454 2361 594 2413 sacrae
607 2378 653 2414 et
667 2372 890 2427 profanae,
918 2384 1045 2426 quam
1058 2369 1362 2431 elegantiori3‚
1381 2390 1510 2419 num.

260 2448 454 2487 morum,
479 2450 769 2496 gemmarum,
792 2435 982 2491 picsturae
992 2446 1196 2481 veterum
1213 2438 1442 2493 artificum,
1461 2451 1510 2488 et

261 2498 469 2569 historiae
482 2502 710 2548 instructus
722 2502 946 2548 austorem
958 2501 1287 2565 illustretatque
1305 2508 1511 2567 explicet,

1390 2591 1513 2635 prae·
1553 2567 1558 2571 ”
