1686 3025
537 248 908 301 ·ATHENAEVS.
1261 257 1358 312 235

110 376 196 423 Iam
231 379 283 421 ΙΙ,
324 377 521 422 criticam
556 393 656 437 pag.
688 383 796 438 283.
834 399 901 410 —-
947 372 1364 420 Animaduerfiones

112 447 283 491 criticas
305 447 352 489 in
376 444 484 488 iilud
510 449 807 506 fragmentum
830 441 992 502 scripsit
1016 445 1076 488 M.
1093 442 1192 488 Car,
1215 436 1365 484 Dauid

110 512 229 572 Ilgen
248 544 259 566 ‚
296 512 414 570 (tum
436 513 596 557 Recior
615 512 788 557 scholae
811 508 1156 571 Numburgensis
1179 512 1227 554 in
1240 523 1366 566 prae·
1447 506 1450 510 ’

113 580 226 624 senti
252 596 357 624 vero
381 583 495 625 Prof.
517 579 765 637 linguarum
801 578 1082 624 orientalium
1101 580 1148 622 in
1159 572 1367 623 vniuerfi-

114 655 208 692 tate
230 645 438 702 Ie11enfi,)
475 645 640 703 Lipsiae
676 660 813 704 1790·
833 661 880 703 4.
911 672 970 681 -
1001 647 1124 690 Idem
1148 648 1368 705 fragmen·

115 723 211 760 tum
231 714 398 772 aliaque
425 713 568 772 multa
584 721 818 772 poetarum
841 717 1110 774 fragmenta,
1151 715 1204 756 ab
1230 710 1368 756 Athe-

117 797 231 826 naeo
265 782 546 831 conseruata3
612 781 801 826 aliorum
844 790 1020 838 praeter
1057 796 1107 824 ea
1139 779 1370 825 amstorum

115 863 379 908 graecorum
402 847 500 892 loca
527 850 720 893 tentauit
753 845 902 902 weston
930 850 977 891 in
1008 847 1123 891 libro
1141 880 1152 898 ,
1200 847 1371 900 ‚inscri-

116 924 223 973 pto:
258 913 575 970 Hermesianax,
595 914 681 971 siue
702 911 975 967 coniec‘iurae,
1012 919 1145 971 (quae
1159 929 1267 958 vero
1283 914 1372 956 sae-

116 998 174 1040 pe
196 997 444 1040 repugnare
473 982 682 1027 dicuntur
712 982 905 1028 sermoni
935 996 1117 1041 graeco,
1174 988 1249 1025 aut
1278 980 1372 1024 vsui

115 1049 347 1107 loquendi,
393 1057 468 1094 aut
489 1057 659 1103 metro,
694 1050 925 1094 interdum
954 1047 1290 1106 probabilia-atio
1325 1049 1374 1089 in

116 1113 376 1160 Athenaeum
401 1127 528 1179 abque
562 1115 728 1179 aliquot
748 1122 973 1179 poetarzmz‘
993 1129 1247 1177 graecorum
1270 1114 1376 1174 loca,

117 1198 225 1246 quae
244 1198 334 1227 cum
358 1187 634 1244 corrzguntur
658 1194 699 1227 et
718 1183 1013 1246 explicantur,
1068 1194 1160 1226 tum
1187 1184 1376 1226 carmine

121 1247 361 1300 donantur..
393 1249 569 1294 Austore
599 1249 807 1314 Stephano
849 1249 1011 1308 Westm.
1057 1253 1099 1297 S.
1128 1254 1184 1295 T.
1207 1254 1252 1295 B.
1285 1249 1380 1295 col-

121 1317 229 1380 legii
252 1318 479 1364 Etonenfis
500 1322 546 1363 in
570 1321 688 1371 acad.
713 1321 859 1365 Oxon.
882 1318 1052 1378 collega
1077 1327 1160 1366 etc.
1190 1314 1379 1361 Londini

133 1392 276 1442 1784.
298 1388 394 1433 mai.
419 1393 461 1438 8.
496 1387 607 1431 adde
630 1402 741 1445 quae
760 1389 916 1432 notaui
937 1389 985 1445 ip
1007 1381 1202 1429 Fabricii
1225 1388 1272 1431 B.
1298 1388 1379 1434 (ἐπ’.

126 1452 215 1498 vol.
239 1456 292 1498 ΙΙ.
314 1470 414 1514 pag,
454 1460 543 1513 873
573 1455 634 1512 sq.
666 1463 713 1499 et
743 1453 870 1497 Saxa·
889 1455 1053 1499 Onom.
1086 1453 1204 1498 liter.
1225 1456 1259 1497 Ι.
1277 1467 1379 1514 pag.

131 1535 245 1579 347.
273 1524 345 1579 qui
373 1523 505 1568 etiam
528 1537 627 1582 pag.
657 1534 766 1580 345.
790 1522 850 1579 sq.
875 1523 932 1565 de
957 1520 1149 1583 leiasw,
1185 1523 1381 1566 incertae

126 1590 280 1634 aetatis
302 1587 484 1632 rhetore
504 1597 550 1631 et
573 1589 869 1632 Grammatico
889 1587 1212 1646 Demosthenis,
1246 1596 1382 1647 atque

129 1656 185 1698 de
205 1650 417 1709 Dositheo,
453 1654 660 1713 Magistro
683 1648 868 1713 graeco,
899 1655 1002 1711 agit.
1042 1677 1108 1687 ---
1139 1657 1207 1699 De
1235 1654 1383 1716 leia2-

127 1735 206 1775 nv,
246 1720 431 1766 rhetore
463 1721 775 1774 Antiocheno,
838 1729 884 1765 et
916 1720 1120 1778 sophista,
1172 1723 1259 1766 iam
1279 1730 1381 1767 ante

130 1787 409 1834 Constantini
442 1797 670 1846 tempora,
722 1789 926 1846 adeoque
958 1798 1061 1832 ante
1084 1803 1119 1833 a.
1145 1788 1249 1836 Chr.
1274 1790 1385 1848 306.

131 1856 394 1904 Antiochiae
422 1855 635 1907 florente,
704 1857 762 1900 de
794 1857 886 1900 eius
917 1864 1084 1909 aetate,
1162 1855 1383 1916 religione

133 1922 376 1977 christiana,
410 1938 520 1967 num
541 1925 693 1969 audior
714 1922 765 1968 fit:
791 1924 1216 1972 commentariorum
1239 1926 1285 1969 in
1297 1927 1387 1970 De..

133 1989 374 2034 mosthenis
397 1998 482 2040 etc.
505 1991 637 2035 doste
660 1991 929 2049 copioseque
956 1986 1123 2035 disserit
1135 1993 1167 2037 Ι.
1191 1993 1240 2037 C.
1265 1991 1324 2049 (h.
1347 2009 1388 2042 e.

119 2057 194 2102 ¹10.
220 2053 454 2117 Chapman)
490 2059 536 2101 in
557 2058 951 2104 obseruationibus
972 2059 1019 2102 in
1043 2062 1391 2108 commentarios

133 2123 271 2184 vulgo
283 2123 546 2181 leianeos,
577 2123 810 2183 praemiffis
833 2121 1015 2168 Ricardi
1035 2124 1278 2185 Mozmtencfy
1301 2128 1392 2172 edi-

135 2193 253 2237 tioni
285 2191 591 2236 Demosthenis
620 2192 877 2237 {elediarum
911 2194 1163 2241 orationum
1201 2203 1283 2240 etc.
1319 2201 1394 2246 ed,

137 2273 185 2315 4.
207 2260 399 2303 Londini
420 2270 466 2304 et
489 2256 663 2304 Etonae
696 2259 831 2317 1764.
869 2268 911 2309 8.
951 2259 1080 2302 Adde
1105 2261 1315 2318 indicium
1337 2266 1393 2312 cl,

145 2323 297 2381 Wolfiz'‚
329 2323 508 2372 Profeff.
532 2325 726 2371 Halenfis
741 2358 753 2380 ,
785 2328 832 2370 in
856 2329 1181 2371 commentariis
1212 2329 1265 2373 ad
1279 2343 1393 2380 orat,

143 2392 451 2438 Demosthenis
466 2396 737 2452 Leptineam,
765 2409 866 2454 pag.
883 2407 906 2436 2
921 2407 974 2437 10
999 2394 1089 2451 sqq.
1113 2402 1161 2439 et
1183 2412 1294 2454 quae
1306 2414 1394 2463 ego

145 2462 302 2512 notaui
321 2462 370 2510 in
390 2457 585 2513 Fabricii
609 2465 654 2513 B,
677 2464 752 2514 Gr.
778 2460 868 2512 vol.
891 2463 945 2510 ΙΙ.
967 2476 1067 2529 pag.
1093 2467 1184 2517 828
1212 2464 1306 2523 sqq.

1280 2605 1401 2658 Inse-
