1686 3025
258 208 279 283 1'
291 247 351 295 52
385 240 388 243 ·
535 223 813 280 CLAVDIVS
837 198 1228 305 PTOLEMAAEIJ'S.

254 350 516 416 exemplaria
536 373 559 402 a
579 347 972 414 Mich.-[S'eruet0]
1000 357 1288 418 Villanouam,
1322 359 1407 403 iarn
1419 346 1507 416 priss
1525 413 1528 416 .

256 426 639 485 mum'recogniti.
710 422 889 468 Adied'ta
910 425 1086 482 insuper
1108 428 1159 469 ab
1183 427 1346 471 eodem
1384 425 1509 470 scho-
1596 464 1617 475 ,.

257 491 331 547 lia,
370 494 524 551 quibus
545 490 720 536 exoleta
741 493 914 536 vrbium
937 494 1118 537 nomina
1141 493 1194 536 ad
1213 493 1348 538 nostri
1375 491 1515 538 seculi?

253 574 431 605 morem
452 567 748 616 exponuntur,
785 557 924 619 Lugd.
956 573 970 602 1
985 573 1094 621 535.
1108 560 1194 620 fol.
1218 567 1264 605 et
1285 576 1336 607 ex
1358 561 1511 605 secun·
1597 571 1604 576 '

257 628 312 672 da
342 625 625 671 Vilianouani
656 628 999 687 recognitione,
1046 629 1244 674 Viennae
1275 629 1322 671 in
1358 627 1512 681 Gallia,

263 704 406 750 1541.
434 695 512 737 fol.
532 696 648 740 conf.
674 690 832 736 Raidel
864 710 964 755 pag.
998 694 1077 741 61.
1111 695 1169 755 sq.
1209 693 1340 738 Willii
1365 696 1513 740 Lexic.

257 759 286 806 l.
307 775 342 804 c.
365 769 466 821 pag.
499 773 583 821 193
625 757 850 805 Mos-bentii
860 761 1082 807 historiam
1102 764 1271 809 Serueti
1286 777 1385 823 pag.
1401 763 1512 806 260.

256 822 546 887 Hambergeri
575 827 749 874 Zuverl.
787 829 950 874 Nachr.
983 829 1085 876 Vol.
1121 828 1161 874 11
1194 845 1236 888 p.
1273 828 1390 889 366..
1418 829 1510 888 sqq.

254 894 369 938 Bure
389 896 435 939 in
465 894 671 956 bibliogr.
694 896 884 942 instrue.
907 896 1104 942 Histoire
1125 904 1238 943 tom.
1262 899 1512 954 I.n.4197.

255 976 357 1022 pag.
378 977 437 1021 43
481 963 571 1022 sqq.
593 979 638 1008 n.
663 970 792 1021 4198
819 979 915 1025 pag.
939 965 1017 1022 46,
1044 965 1105 1022 sq.
1127 992 1182 1003 -
1212 962 1515 1009 Collationem

258 1029 469 1074 editionis
502 1029 837 1090 Argentinenfis
872 1031 1171 1092 geographiae
1219 1029 1284 1077 Cl.
1324 1029 1514 1075 Ptolem.
1605 1045 1610 1047 ⁴

260 1111 361 1140 curn
394 1095 489 1154 illa,
543 1099 662 1141 cuius
700 1097 834 1144 Nlich.
874 1100 1079 1143 Seruetus
1123 1098 1274 1142 auctor
1311 1096 1399 1151 est,
1459 1097 1514 1141 ad

257 1161 561 1208 illustrandum
583 1163 731 1209 locum
745 1164 947 1210 historiae
971 1167 1113 1209 modo
1134 1165 1237 1208 diffl
1257 1165 1427 1209 Serueti
1460 1165 1513 1207 ab

258 1231 434 1277 Abbate
458 1229 708 1276 Nloshemio
742 1233 1040 1290 conscriptae,
1075 1230 1263 1276 instituit
1298 1231 1354 1276 Io,
1374 1230 1517 1274 Mart.

257 1294 475 1353 Pastorius
495 1299 542 1343 in
565 1300 814 1361 Hamburg.
837 1299 1135 1343 vermischten
1161 1295 1368 1341 Biblioth.
1394 1299 1445 1344 ΙΙ.
1473 1312 1516 1354 p.
1558 1319 1566 1334 ,·

263 1369 356 1423 835
379 1393 433 1426 ···,
462 1370 547 1420 842
574 1375 620 1410 et
641 1366 686 1410 in
707 1368 835 1410 nouis
857 1366 1090 1411 miscellan.
1115 1362 1322 1422 Lipfiens.
1346 1363 1436 1410 vol.
1458 1365 1516 1408 X.

257 1445 360 1491 pag.
402 1444 498 1488 274
523 1458 577 1468 -
614 1440 718 1482 282.
747 1460 803 1472 ...-
875 1429 1156 1491 Montfaucon
1194 1433 1237 1477 in
1278 1440 1358 1476 cat.
1406 1429 1516 1479 bibl.

258 1496 446 1543 Coislin.
466 1512 566 1558 pag.
595 1498 704 1546 611.
729 1527 783 1540 υ-
806 1501 918 1556 768.
945 1500 1082 1544 varias
1110 1497 1398 1547 cod.Coislin.
1417 1510 1516 1562 337.

255 1562 470 1609 lectiones
501 1566 741 1611 admodum
786 1565 1098 1611 memorabiles
1145 1567 1288 1610 dedit.
1327 1593 1382 1606 -.

367 1633 435 1677 De
462 1632 779 1677 mathematicis
807 1633 995 1677 Ptolem.
1024 1633 1245 1690 adponam
1268 1631 1367 1684 hic,
1404 1647 1517 1690 quae
1548 1664 1550 1666 ψ

257 1696 336 1742 cel.
363 1695 614 1754 Kaestnerus
650 1698 848 1756 pluribus
881 1700 1038 1745 abhinc
1069 1701 1193 1744 annis
1228 1714 1307 1755 per
1344 1697 1517 1744 litteras

258 1766 312 1809 ad
347 1780 417 1809 me
464 1766 584 1810 datas
619 1766 862 1823 scripserat.
899 1765 1108 1819 „Proclus
1143 1768 1189 1811 in
1221 1774 1516 1813 commentar.

256 1832 304 1876 in
327 1830 402 1875 lib.
430 1834 459 1875 I.
485 1832 812 1878 elementorum
834 1833 1033 1880 Euclidis.
1066 1835 1139 1892 qui
1164 1831 1263 1878 cnm
1284 1832 1523 1879 elementis

220 1902 224 1910 “
260 1908 420 1960 graece
455 1901 720 1958 prodierunt
751 1899 868 1946 Bafil.
907 1902 1021 1957 apud
1061 1902 1123 1944 Io.
1144 1902 1342 1960 Heruag.
1376 1913 1518 1960 1533.

257 1965 341 2013 Sol.
371 1968 476 2010 citat
497 1966 740 2012 Ptolemaei
759 1967 934 2013 librum.
962 1983 1051 2025 quo
1075 1966 1308 2013 ostendere
1332 1977 1517 2012 conatus

263 2031 324 2076 est
350 2028 457 2078 Ptol.
485 2035 719 2085 adsertam,
756 2036 874 2093 quod
911 2037 1028 2081 inter
1063 2036 1277 2080 axiomata
1311 2034 1517 2079 Euclidea

264 2099 478 2145 habetur:
515 2102 617 2146 duas
635 2102 771 2148 restas
797 2108 1089 2160 concurrere,
1124 2103 1170 2146 in
1186 2118 1289 2160 quas
1315 2102 1516 2147 incidens

263 2167 378 2212 recia
416 2169 677 2225 interiores,
734 2178 782 2218 et
816 2171 867 2215 ad
914 2171 1089 2216 easdem
1134 2164 1288 2228 partes⁴
1331 2167 1518 2228 angulos

264 2235 437 2279 dnobus
468 2236 594 2281 retiis
632 2238 827 2283 minores
866 2239 1008 2283 faciat.
1081 2236 1151 2283 Est
1181 2251 1246 2281 ax.
1283 2238 1335 2280 11.
1373 2235 1447 2279 lib.
1481 2237 1517 2281 1.

262 2302 383 2347 Eucl.
408 2303 459 2347 ad
488 2305 607 2361 quod
633 2305 785 2362 ipsum,
820 2313 978 2349 monet
1001 2302 1177 2349 Proclus
1204 2301 1298 2347 libr.
1327 2304 1356 2346 Ι.
1397 2316 1519 2347 com·
1544 2303 1547 2305 ’

211 2372 214 2375 ’
265 2378 452 2413 mentar.
487 2371 666 2418 suorum
688 2372 989 2418 Ptolemaeum
1014 2374 1058 2416 in
1091 2370 1209 2415 libro
1243 2370 1435 2429 quodam
1471 2369 1518 2415 id

266 2435 505 2481 ostendere
532 2448 753 2484 conatum.
828 2440 979 2484 Rursus
1002 2438 1053 2481 ad
1075 2439 1257 2494 Propos.
1283 2450 1355 2495 29.
1382 2436 1457 2481 lib.
1484 2439 1519 2482 1.

263 2502 389 2551 Eue-l.
415 2505 594 2551 Proclus
618 2507 665 2551 in
685 2505 802 2552 libro
823 2508 898 2552 lV.
928 2514 1169 2552 comment.
1207 2503 1385 2550 suorum
1416 2503 1521 2548 Pto-

1360 2571 1522 2617 lemae-
