1640 3030
617 238 905 288 MALCHVS,
1289 250 1386 304 389

121 367 169 412 in
188 362 304 413 Phil.
343 359 499 409 Labbsn·
528 367 816 426 Protreptico
848 367 905 412 de
936 366 1005 413 SS.
1034 367 1208 424 Byzant.
1245 363 1377 414 Paris.

126 434 270 492 1648.
305 432 381 478 fol.

221 517 270 559 4.
303 518 342 548 v.
375 497 570 545 Fabricii
598 503 643 546 B.
674 502 750 546 Gr.
781 499 856 547 lib.
891 502 942 544 V.
975 517 1068 559 cap.
1105 515 1146 559 5.
1180 499 1270 546 vol.
1296 503 1376 548 Vs.

116 583 218 629 pag.
246 571 351 629 236.
397 571 486 615 Hic
522 571 620 627 quia
653 585 744 627 cap.
774 570 858 614 cit.
891 569 948 613 de
979 565 1250 630 Byzantium
1284 567 1373 614 siue

117 636 637 695 Constantinopolitanae
657 636 860 681 historiae
883 637 1168 694 scriptoribus
1201 638 1294 697 agit
1326 646 1375 683 et

118 718 193 755 ea,
246 720 355 763 quae
385 706 431 748 in
470 704 701 763 splendido
742 704 938 765 Corporis
967 704 1209 764 Byzantim'
1233 719 1374 761 opere

116 774 422 825 continentur,
447 771 697 832 singulatim
721 772 950 817 recenset:
975 784 980 793 ³
1000 781 1048 817 et
1068 787 1155 832 ego
1179 772 1304 828 supra
1325 775 1374 816 in

114 847 228 883 tom.
255 842 288 885 Ι.
319 842 366 882 in
395 839 645 899 prolegom.
693 854 794 898 pag.
835 853 922 896 105
961 839 1021 897 sq.
1047 842 1130 884 iam
1156 840 1373 897 qnaedam

112 908 294 949 notaui:
325 905 397 949 hic
419 922 554 962 pauca
577 907 742 950 addere
776 908 912 949 iuuat.
934 907 1181 963 Scriptores
1210 909 1372 964 Byzan-

110 973 211 1024 tini,
245 971 343 1030 (qui
366 972 495 1016 multi
517 971 654 1029 sunt‚)
689 974 720 1015 ii
747 974 1063 1025 nominantur,
1101 973 1264 1029 quisub
1288 975 1373 1031 By-

3 1054 14 1070 ¹-
39 1091 41 1095 .
107 1040 288 1084 zantino
314 1041 501 1096 imperio
523 1041 724 1084 viuentes
747 1038 970 1083 historiam
999 1040 1173 1097 imperii
1200 1041 1375 1084 romani

110 1106 340 1152 orientalis
363 1109 423 1153 ita
450 1108 776 1165 exposuerunt,
811 1116 860 1152 vt
883 1106 954 1151 alii
988 1105 1279 1152 vniuersalem
1307 1108 1372 1151 hi-

50 1191 53 1193 *
109 1172 286 1218 storiam
308 1175 361 1218 ad
385 1176 456 1218 sua
477 1189 614 1233 Vsque
636 1183 840 1231 tempora
866 1172 1164 1232 conficerent3
1194 1174 1266 1218 alii
1277 1190 1382 1219 cer·v

108 1253 261 1286 torum
286 1250 459 1290 tantum
481 1251 738 1299 temporum
769 1240 992 1286 historiam
1024 1252 1369 1299 componerent.

109 1311 314 1360 Quatuor
341 1317 490 1361 autem
514 1312 696 1355 fuerunt
720 1305 1017 1366 potissimum,
1053 1311 1128 1367 qui
1152 1309 1285 1366 ipsam
1303 1309 1370 1352 hi-

107 1375 284 1421 storiam
315 1378 597 1436 Byzantinam
626 1391 650 1423 a
682 1375 958 1424 Constantini
994 1379 1056 1424 M.
1091 1377 1371 1434 temporibus

107 1460 246 1501 vsque
268 1444 320 1488 ad
344 1442 764 1500 Constantinopolin
787 1445 978 1488 aTurcis
1001 1454 1173 1502 captam
1197 1446 1257 1488 ita
1270 1444 1370 1489 scri·

109 1513 296 1568 herent,
330 1520 378 1556 vt
400 1511 514 1556 alter
547 1510 727 1557 alterius
758 1509 1034 1556 narrationes
1067 1513 1370 1558 continuaret·

106 1580 171 1622 Hi
192 1578 292 1623 sunt
311 1581 527 1631 Zonaras,
577 1580 754 1623 Nicetas
790 1577 1075 1623 Acominatus
1111 1578 1372 1631 Choniates,

105 1645 386 1702 Nicephorus
411 1647 649 1705 Gregora5‚
681 1654 729 1692 et
740 1646 955 1693 Laonicus
970 1646 999 1691 s,
1024 1645 1226 1691 Nicolaus
1238 1644 1369 1691 Chal-

105 1710 378 1770 cocondyles
410 1711 440 1756 s.
473 1710 880 1771 Chalcocondyias,
963 1712 992 1757 s·
1028 1711 1368 1768 Chalcondylas‚

102 1776 398 1840 Atheniensis,
465 1780 527 1823 Hi
565 1786 756 1838 quatuor
793 1779 1017 1838 integram
1055 1777 1259 1823 historiae
1285 1782 1368 1838 By-

103 1854 217 1891 zant.
240 1847 566 1892 connexionem
582 1845 817 1906 explicant,
855 1861 1101 1904 eorumque
1114 1862 1250 1922 opera
1261 1862 1369 1892 con-

104 1913 292 1960 stituunt
309 1924 457 1975 corpus
474 1910 674 1969 hastariae
698 1913 968 1971 Byzanttnae
999 1916 1182 1972 proprie
1218 1913 1273 1959 sic
1300 1915 1367 1958 di-

103 1981 237 2025 stum.
308 1981 434 2026 Multi
458 1980 528 2024 alii
555 1989 629 2024 aut
655 1980 972 2043 geographiam
995 1989 1042 2026 et
1077 1981 1368 2042 topographi-

106 2063 177 2092 am
189 2056 264 2093 aut
274 2038 496 2092 historiam
509 2048 570 2091 sui
582 2049 796 2104 temporis
807 2056 883 2093 aut
895 2049 1118 2093 cuiusdam.
1129 2051 1369 2107 imperato-

103 2117 163 2159 ris
186 2115 513 2166 condiderunt,
547 2124 594 2160 et
614 2115 738 2172 saepe
759 2117 811 2159 ab
837 2130 946 2168 ouo,
977 2115 1018 2159 h.
1033 2131 1072 2162 e.
1097 2118 1150 2160 ab
1174 2116 1366 2160 exordio

104 2183 283 2236 mundi,
318 2184 606 2240 inceperunt,
645 2190 720 2226 aut
744 2180 856 2227 vltra
875 2181 1039 2228 limites
1068 2186 1214 2244 vagati
1239 2184 1366 2233 sunt3

24 2308 27 2311 X
105 2265 192 2295 nec
218 2265 343 2302 raro,
379 2249 679 2316 multiplicatis
706 2248 819 2306 illis,
858 2250 1018 2295 facium
1047 2251 1132 2302 est,
1185 2260 1234 2296 vt
1254 2250 1368 2296 alter
1401 2249 1407 2252 “

107 2316 287 2362 alterius
323 2299 690 2375 compendiolum
732 2316 1008 2375 compilaret.
1075 2319 1162 2364 Sed
1201 2320 1258 2363 de
1300 2317 1367 2361 his

105 2384 394 2442 scriptoribus
418 2388 594 2445 Byzant.
618 2393 705 2431 etc
729 2384 826 2441 post
843 2384 950 2429 alios
987 2386 1079 2431 fuse
1106 2384 1385 2448 diligenter-·

41 2494 43 2496 .
85 2466 197 2508 -que
222 2453 317 2512 egit
336 2451 419 2498 cel.
441 2451 671 2510 Meusclz'us
705 2453 750 2495 in
790 2452 898 2499 Bibl.
930 2452 1152 2506 historica,
1194 2452 1285 2499 vol.
1311 2454 1368 2496 V.

106 2526 221 2581 part.
244 2520 278 2567 Ι.
311 2535 414 2581 pag.
442 2527 713 2582 10‘8—302.
761 2522 831 2565 De
853 2520 1074 2580 praeclaro
1096 2522 1154 2568 10.
1187 2514 1378 2577 Gotthilf

663 2587 737 2633 Bb
774 2603 796 2651 3
1234 2587 1368 2634 Stric-
