1686 3025
258 266 354 324 164
509 257 514 261 ·
673 259 1085 321 HERMOGEQS.

259 389 327 447 pis
352 387 504 432 excusa
524 389 727 434 fuerunt,
765 384 866 430 sunt
910 381 955 441 1)
996 399 1064 428 ars
1083 383 1320 438 rhetorica,
1355 386 1410 430 de
1424 401 1521 444 par-

260 457 427 501 titione
465 454 652 498 statuum
695 462 744 497 et
780 451 1085 510 quaestionum
1116 456 1430 506 oratoriarum,
1475 455 1522 498 in
1575 451 1588 460 “

264 538 397 581 quam
433 522 665 578 SyrianuS,
717 521 902 577 Sopater
954 528 1002 562 et
1042 518 1322 564 Marcellinus
1362 535 1523 581 graece

265 587 553 634 commentati
574 586 695 632 sunt:
732 602 924 644 quorum
948 596 1194 630 comment.
1221 587 1329 631 editi
1356 589 1521 632 suntab
1608 608 1618 611 ⁷

264 657 383 702 Aldo
439 669 539 698 cum
597 657 896 712 Hermogene.
975 656 1070 698 Nec
1109 653 1229 697 ‘non
1285 652 1525 697 Menander

267 720 549 767 Luodicenfis
585 730 632 766 et
654 718 955 782 Metrophanes·
991 720 1251 777 scripserant
1283 715 1525 781 ὑπόμνημω

266 792 317 835 in
344 790 650 850 Hermogenis
684 794 856 846 artem,
901 787 1012 832 teste
1036 789 1229 833 Eudocia
1261 789 1307 832 in
1328 788 1525 832 Violario

264 872 368 916 pag.
412 868 523 912 301.
569 880 635 890 —--
711 857 1041 901 Adnotationes
1099 856 1260 899 incerti
1310 857 1358 899 in
1394 854 1525 900 status

267 916 575 983 Hermogenis
605 923 706 968 sunt
734 925 782 967 in
812 923 912 967 cod.
959 921 1136 966 laudato
1174 924 1340 968 Matrit.
1373 937 1413 967 v.
1447 920 1527 966 Iri-

271 1000 354 1036 art.
380 990 408 1038 l.
433 1006 566 1035 mem.
590 1006 692 1050 pag.
729 1003 834 1046 154,
863 1003 938 1046 59.
970 998 1017 1032 et
1051 1004 1148 1048 pag.
1188 989 1292 1046 156.
1331 994 1437 1040 182.
1466 1013 1526 1023 -

273 1056 329 1115 2)
361 1059 416 1102 de
439 1060 704 1102 inuentione
730 1058 949 1107 oratoria,
979 1055 1081 1098 libri
1110 1069 1156 1112 4.
1190 1057 1237 1098 in
1270 1071 1381 1113 quos
1414 1053 1528 1100 chri-

273 1125 433 1170 stianus
468 1126 646 1182 quidam
677 1139 830 1184 graeca
860 1120 1025 1179 scripfit
1059 1121 1233 1166 scholia.
1274 1122 1323 1182 3)
1357 1123 1414 1166 de
1443 1126 1532 1167 for-

275 1195 358 1237 mis
381 1193 602 1236 oratoriis.
635 1191 690 1248 4)
716 1189 956 1234 methodus
975 1190 1066 1245 apti
1100 1196 1147 1232 et
1182 1188 1420 1245 ponderosi
1453 1205 1530 1250 ge-

276 1261 397 1304 neris
419 1259 609 1302 dicendi.
667 1260 729 1302 ‘'In
764 1255 1031 1301 bibliotheca
1051 1254 1404 1311 vindobonensi,
1441 1255 1532 1312 (te-
1594 1275 1597 1277 ·

274 1324 411 1370 stibus
437 1322 635 1382 Nffilzo
625 1340 672 1368 1n
696 1322 817 1369 catal.
842 1322 943 1368 bibl.
971 1323 1165 1367 Vindob.
1191 1331 1302 1378 part.
1340 1325 1412 1368 IV.
1433 1337 1532 1382 pag.

286 1405 360 1450 14.
383 1399 430 1436 et
450 1387 660 1434 Lambecio
688 1393 735 1433 in
756 1396 1002 1434 comment
1029 1388 1085 1431 de
1114 1388 1219 1432 bibl
1245 1386 1439 1435 Vindob.
1453 1389 1530 1436 lib.

278 1460 379 1504 VH.
410 1457 512 1501 cod.
550 1469 655 1516 137.
676 1471 721 1500 n.
762 1470 804 1515 3.
835 1470 935 1514 pag.
967 1468 1075 1512 550.
1108 1455 1170 1512 sq.
1202 1448 1297 1510 (vbi
1318 1457 1535 1502 Lambec.

278 1525 407 1584 plura
428 1525 584 1578 dabit)
610 1523 670 1567 est
693 1523 917 1583 syntagma
955 1519 1280 1579 expositionum
1312 1524 1535 1568 variorum

285 1592 548 1637 au&orum
539 1596 585 1634 in
604 1592 905 1649 Hermogenis
929 1597 1070 1633 artem
1083 1590 1339 1642 oratoriam,
1355 1605 1534 1646 nempe,

284 1660 505 1718 Longini,
539 1656 778 1708 Iamblichi,
817 1656 984 1714 Syriani
1008 1663 1055 1698 et
1077 1654 1309 1712 Simplicii,
1345 1657 1419 1713 qui
1442 1659 1535 1705 fue-

285 1735 394 1770 runt
424 1726 612 1768 deorum
648 1722 864 1774 cultores3
899 1730 946 1766 et
980 1719 1180 1781 Ioficuli,
1210 1723 1384 1765 Ioannis
1419 1725 1537 1767 Geo-

285 1801 480 1843 metrae,
526 1792 734 1850 Gregorii
768 1787 1086 1845 Metropolitae
1128 1786 1351 1840 Corinthi,
1387 1787 1536 1845 (Pardi

283 1859 633 1934 cognomento,)
660 1860 722 1901 Io.
753 1859 1035 1912 Doxopatrae
1070 1864 1118 1899 et
1137 1854 1334 1914 Georgii
1359 1857 1539 1900 Diaere-

286 1935 385 1979 tae,
437 1928 513 1990 qui
549 1929 740 1969 fuerunt:
764 1922 1010 1969 Christiani
1052 1921 1137 1967 Sed
1182 1931 1332 1966 totum
1355 1922 1537 1968 titulum

288 1994 580 2053 mangonium
615 1993 791 2049 sapere,
832 1990 995 2034 iudicat
1028 1985 1232 2032 Ruhnken
1270 1991 1317 2033 in
1352 1985 1446 2035 diff.
1479 1990 1537 2036 de

285 2062 513 2120 Longino,
546 2063 585 2113 ᾗ.
620 2073 689 2116 ¹4·
712 2073 810 2118 pag.
837 2071 912 2116 39.
936 2057 996 2113 sq.
1019 2065 1122 2101 ante
1152 2057 1316 2114 Toupii
1349 2057 1538 2105 edition.
1602 2102 1605 2105 ,

284 2130 338 2173 11.
362 2130 566 2187 Longini.
590 2125 737 2170 Plures
760 2140 867 2168 vero
903 2123 1010 2167 olim
1043 2132 1367 2169 commentatos
1402 2121 1538 2183 fuisse,

291 2211 344 2239 ex
368 2195 435 2238 his
456 2205 502 2239 et
524 2197 587 2246 iis,
624 2208 734 2251 quae
759 2187 983 2234 Fabricius
1007 2193 1051 2236 Β.
1068 2192 1143 2236 Gr
1164 2190 1237 2235 IV.
1251 2206 1339 2248 cap.
1361 2204 1435 2249 31.
1450 2191 1539 2236 vol.

290 2265 362 2306 IV.
386 2278 486 2321 pag.
509 2275 621 2321 432.
648 2261 753 2305 edit.
774 2267 860 2304 vet.
884 2257 1082 2318 collegit,
1116 2256 1231 2302 clare
1261 2265 1407 2314 patet.
1442 2259 1538 2315 qui-

295 2331 374 2372 bus
395 2331 527 2373 addes
564 2328 620 2374 Io
643 2325 864 2370 Szcelzotae
895 2340 1060 2370 comm.
1091 2326 1181 2369 MS.
1213 2325 1261 2367 in
1292 2326 1540 2385 Hermoge-

289 2389 417 2453 nem,
455 2411 589 2453 quem
624 2402 846 2439 memorat
870 2389 1070 2435 Ruhnken
1098 2393 1144 2434 in
1178 2386 1267 2434 diff.
1295 2390 1466 2436 laudata
1497 2394 1537 2445 §.

287 2465 363 2506 VI.
395 2478 491 2522 pag.
530 2476 602 2520 15.
635 2469 674 2517 §.
712 2461 828 2508 VIII
852 2475 949 2518 pag.
989 2470 1059 2516 19.
1091 2456 1147 2517 §
1163 2460 1234 2502 IX.
1257 2474 1357 2518 pag.
1390 2471 1466 2503 22.
1497 2465 1540 2514 §

287 2531 342 2576 X.
368 2545 465 2590 pag.
488 2544 542 2588 25
569 2539 616 2577 et
643 2541 718 2586 27.
793 2527 976 2570 Tzetzae
997 2524 1158 2570 scholia
1178 2534 1309 2572 mssta
1342 2526 1389 2570 in
1421 2528 1536 2570 Her-

1379 2606 1537 2652 moge-
