1686 3025
575 233 626 283 H
629 231 957 287 EPHA'ESTIO.
1305 250 1325 285 1
1337 250 1358 300 3
1367 243 1400 298 ς

141 357 407 408 Ἀωίὶε-Ῑειεᾶ.
451 373 590 422 1737.
619 375 679 407 m.
712 367 754 414 8.
775 377 866 420 cap.
899 361 953 405 X.
977 374 1083 423 pag.
1103 372 1197 419 405
1226 355 1320 418 sqq.
1342 362 1393 408 In.

142 424 233 488 quo
271 430 540 488 ostenditur,
591 429 661 487 (vt
685 431 827 475 Doru.
866 426 1053 486 scripsit)
1085 430 1309 473 Pauonem
1333 430 1391 474 de

140 497 468 556 Hephaestione
488 494 668 556 pessime
687 498 897 542 meritum
916 493 1070 556 fuiffe‚‘
1095 495 1309 554 pluraque
1322 493 1393 540 10·ss

23 595 26 612 ι
89 582 95 584 ’
142 578 190 608 ca
211 567 503 612 emendantur
515 574 562 610 et
584 566 767 608 Pauonis
788 572 924 609 notae
947 563 1057 610 iusto
1078 564 1214 608 aerius
1228 564 1392 608 exami-
1426 624 1430 630 ι

139 640 316 678 nantur.
385 633 516 676 Haud
528 645 661 688 pauca
681 630 1020 687 Hephaestionis
1041 630 1137 676 loca
1153 632 1392 676 emendan-

140 706 230 760 tur,
258 698 586 758 explicantur-et
609 704 841 755 notantur,
873 705 919 742 et
932 699 1190 756 frequenter
1203 700 1394 742 Pauonis

139 768 416 810 comediume
453 767 755 810 examinantur
786 780 810 808 a
842 763 1018 823 Georgia
1051 761 1094 807 d’
1129 762 1313 807 Arnaud
1341 765 1391 812 in„

135 833 376 889 specimine
409 830 836 878 animaduersionum
859 831 1108 877 criticarum
1142 832 1194 878 ad
1218 832 1391 890 aliquos

134 899 373 957 scriptores
406 915 589 960 graecos
625 906 712 944 etc.
742 898 1003 958 Harlffigae,
1050 902 1182 955 1728.
1207 900 1263 950 ἕ.8
1289 914 1389 957 cap.

132 967 307 1011 XVI-
319 968 514 1013 XXVIII.
537 981 637 1027 pag.
664 973 930 1024 95-158
958 990 1016 999 -
1042 966 1211 1010 Locum
1235 980 1390 1023 quem-

132 1026 235 1077 dam
270 1033 608 1091 Hephaestionis
638 1048 663 1078 e
685 1033 837 1078 codice
871 1032 1225 1078 emendatiorem
1262 1032 1390 1078 dediti

133 1096 373 1154 Villoison
361 1117 408 1145 1n
428 1100 682 1163 prolegom.
706 1101 761 1147 ad
783 1102 1030 1148 editionem
1048 1101 1390 1147 Homer1vene-

133 1174 224 1214 fiam
242 1184 342 1231 pag.
369 1182 444 1230 59.

440 1340 447 1348 -
666 1307 708 1359 §-

235 1393 299 1438 M
322 1390 594 1439 AVRELIVS
621 1319 980 1448 ΑΝΟΤΟέιῦξΙΝΧΤὸ,
1014 1393 1278 1452 Imperator.

236 1516 279 1550 1
316 1507 454 1549 Natus
486 1502 542 1549 A.
573 1504 623 1552 C.
654 1516 760 1551 121.
796 1505 910 1550 obiit
941 1507 995 1553 Α
1029 1505 1081 1550 C.
1127 1510 1234 1556 180.
1267 1505 1391 1550 conf.

131 1568 320 1616 Reimar.
346 1573 399 1614 ad
423 1573 556 1615 Dion.
581 1568 692 1616 Caff.
718 1579 828 1621 tom.
852 1574 906 1616 11.
931 1588 976 1628 p.
1015 1584 1032 1613 1
1049 1583 1155 1630 174.
1181 1576 1216 1624 §.
1243 1584 1291 1631 9.

233 1650 277 1682 2.
309 1638 589 1694 Antiquitate
616 1639 791 1696 generis
815 1653 910 1680 non
929 1639 1073 1681 minus
1099 1652 1228 1695 quam
1248 1639 1388 1683 maio-⁵

128 1719 228 1749 rum
246 1702 389 1764 gloria
407 1719 517 1747 vnus
540 1701 714 1756 floruit,
770 1705 934 1762 quippe
970 1719 1108 1762 quum
1132 1703 1333 1749 familiam
1357 1721 1385 1751 a

126 1769 233 1832 reg‘e
245 1774 548 1817 Romanorum
560 1773 705 1816 Numa
725 1770 944 1828 Pompilio
971 1765 1170 1822 duceret.¹
1235 1774 1409 1840 Patre„

125 1841 275 1885 Annio
297 1841 443 1898 Vero,
475 1845 647 1897 mature
670 1839 941 1892 decedente,
975 1839 1027 1881 ab
1041 1853 1125 1882 auo
1138 1838 1277 1882 Lucio
1294 1841 1384 1884 An·

125 1908 204 1950 nio
235 1908 356 1950 Vero
388 1907 625 1960 educatus,
684 1914 732 1951 et
760 1903 1101 1964 prudentiffimis
1132 1905 1382 1950 rhetorices

123 1988 174 2018 ac
197 1973 498 2031 philosophiae
518 1972 728 2033 magistris
753 1974 938 2018 traditus
963 1972 1039 2018 est.
1107 1975 1156 2016 In
1184 1972 1382 2030 philoso-

124 2040 228 2098 phia
247 2042 295 2084 in
313 2042 467 2098 primis‘
482 2040 703 2097 amplexus
724 2039 785 2085 est
805 2039 1043 2085 stoicorum
1055 2038 1229 2098 placita,
1265 2056 1377 2098 quae

123 2110 296 2152 iuuenis
321 2108 431 2152 adeo
454 2103 712 2166 imbiberat,
741 2116 790 2153 vt
800 2106 950 2166 postea
963 2123 1117 2152 omnes
1129 2123 1196 2152 res
1222 2109 1380 2152 aduer-

122 2169 185 2219 sas
205 2191 348 2233 aequo
371 2175 567 2234 fortique
590 2177 736 2220 animo
759 2178 927 2234 ferret,
984 2185 1030 2220 ee
1059 2177 1105 2218 in
1139 2177 1263 2218 omni
1288 2177 1378 2220 vita

123 2242 301 2286 seuerus
323 2242 578 2300 sanstusque
604 2238 728 2286 esset.
764 2245 904 2293 Quam
936 2256 1057 2285 carus
1083 2244 1216 2286 fuerit
1232 2244 1377 2299 impe-

125 2311 264 2354 ratori
293 2310 550 2366 Hadriano,
614 2310 659 2353 id
693 2309 789 2353 satis
814 2310 900 2353 erit
934 2307 1199 2361 testimonii,
1252 2309 1377 2366 quod

127 2390 230 2420 eum
273 2375 414 2421 adhuc
447 2391 634 2434 puerum
665 2391 802 2433 paene
836 2391 859 2419 a
882 2375 925 2419 se
962 2376 1189 2420 dimittere
1212 2375 1377 2434 noluit,

127 2450 173 2488 et
183 2441 364 2487 Lucium
374 2442 603 2488 Aurelium
614 2444 738 2488 Pium
751 2458 799 2487 ea
809 2443 1070 2488 conditione
1081 2440 1377 2499 ‚successorem

119 2511 299 2571 ‘imperii
320 2508 574 2574 destinauit,
603 2518 654 2559 vt
665 2509 864 2558 nostrum
883 2510 1120 2572 adoptaret
1129 2517 1176 2558 et
1197 2511 1376 2572 imperii

691 2580 712 2626 1
744 2591 779 2639 4
1265 2575 1375 2623 defi-
