1686 3025
639 250 958 300 PAVSANIAS.
1068 264 1069 269 ¹
1335 255 1424 309 183

161 380 311 427 ,Acad.
337 379 414 424 des
437 380 473 424 I.
497 383 545 424 et
562 380 608 426 B.
627 378 675 423 L.
695 381 831 424 Tom.
854 378 971 423 XIV.
991 371 1083 424 Par.
1101 390 1198 436 pag.
1218 377 1427 437 195.sqq.

176 469 243 482 ·-
268 447 319 491 In
342 446 541 491 versione
562 462 759 508 german.
779 455 889 492 tom.
917 447 1011 489 VH.
1041 460 1083 502 p.
1119 446 1229 501 263.
1262 445 1338 489 vbi
1370 460 1424 490 ex

166 515 281 558 ·cod.
302 523 437 568 msto,
468 517 514 558 in
539 529 628 572 quo
648 513 860 558 Phralites
893 513 1070 571 quidam
1102 529 1139 556 a.
1170 512 1252 558 Ch.
1285 526 1426 573 1431.

177 590 384 640 excerpta
403 599 427 626 e
451 583 681 638 Strabone,
712 582 860 624 Dione
884 577 1023 626 Caffio
1048 588 1095 624 et
1116 576 1335 638 Pausania
1363 583 1426 624 fe·-

175 657 311 703 cerat,
351 658 426 695 aut
450 648 690 693 secundum
711 646 912 692 leffionis
945 646 1123 707 vestigia
1152 645 1250 692 loca
1274 647 1427 692 Pausa-

173 718 274 760 niae
298 715 421 773 plura
449 716 681 770 emendat,
716 722 791 760 aut
808 716 924 758 varia
947 716 1121 759 ratione
1147 714 1331 760 illustrat
1352 713 1426 759 illa

172 784 557 841 persequiturque.
587 808 646 817 —-
715 778 882 841 Gedoyn
915 783 969 826 ad
1003 780 1154 826 locum
1189 783 1428 839 quemdam

171 850 229 893 de
255 850 412 893 Iocasta
436 851 551 907 apud
570 852 824 894 Homerum
846 852 892 892 in
916 848 1030 893 Hist,
1056 849 1227 895 eadem.
1262 849 1351 894 vol.
1369 852 1428 897 V.

169 931 270 975 pag.
299 917 405 972 146.
431 917 506 960 seu
537 931 591 960 ex
613 918 862 976 germanica
881 916 1194 961 Gottschediae
1208 915 1428 969 versione,

170 990 287 1028 tom.
308 985 384 1028 III.
410 999 508 1043 pag.
536 996 626 1041 272
653 983 749 1041 sqq.
775 985 821 1027 in
849 984 1010 1027 eodem
1029 993 1175 1036 tomo,
1197 999 1296 1045 pag.
1314 999 1426 1043 293.

161 1049 293 1095 iocus
319 1048 548 1095 Pausaniae
572 1052 785 1096 aSeuinio
812 1053 1083 1096 examinatur
1102 1059 1148 1096 et:
1168 1053 1426 1111 corrigitur.

168 1140 238 1152 ·-—
256 1117 431 1163 Banier.
452 1119 560 1163 ibid.
581 1126 694 1164 tom.
720 1121 793 1163 IV.
814 1134 913 1179 pag.
938 1125 1047 1177 389.
1062 1118 1154 1177 sqq.
1182 1124 1315 1170 (tom.
1329 1121 1426 1166 Vn.

170 1200 271 1245 pag.
301 1199 324 1227 2
339 1200 411 1244 14.
437 1187 545 1231 edit.
568 1185 788 1246 gallicae‚)
810 1185 997 1243 explicat
1018 1184 1168 1230 locum
1186 1186 1237 1230 vin
1262 1188 1425 1231 Corin-

168 1251 320 1296 thiacis
342 1269 442 1314 pag.
462 1261 492 1297 ἰ
509 1266 584 1312 13.
609 1254 666 1297 ed
688 1254 836 1298 Kiihn.
865 1263 912 1298 ec
931 1254 1094 1311 probat
1113 1253 1311 1298 Amasaei
1328 1269 1429 1305 ver-->

171 1317 355 1377 sionem,
391 1316 505 1382 apud
526 1320 654 1362 Datos
674 1322 721 1363 in
745 1316 920 1363 Gabalis
952 1329 1037 1366 etc.
1073 1322 1188 1368 Ibid.
1226 1329 1339 1365 tom.
1369 1323 1425 1366 X.

169 1401 270 1446 pag.
290 1386 371 1443 76.
391 1389 438 1431 in
459 1394 568 1431 nota
593 1388 816 1431 Pausanias
837 1390 1038 1446 arguitur
1063 1390 1226 1432 erroris
1251 1390 1308 1432 de
1340 1391 1427 1434 Ae-

166 1452 361 1511 sculapio
394 1483 451 1492 --
521 1449 691 1513 Gedoyn
722 1455 780 1498 de
816 1455 982 1498 duabus
1013 1454 1171 1500 tabulis
1209 1454 1425 1514 Polynoti

167 1521 283 1578 apud
308 1521 486 1566 Pausan.
512 1520 645 1564 Phoc.
670 1536 762 1578 cap.
793 1534 852 1577 25
880 1531 928 1566 et
951 1521 1027 1566 26.
1061 1523 1108 1566 in
1131 1525 1264 1567 Mem.
1300 1524 1357 1567 de
1391 1521 1423 1569 Γ

167 1589 286 1634 acad.
312 1591 403 1630 Par.
425 1589 502 1630 des
523 1587 655 1633 Inscr.
681 1587 772 1630 vol.
794 1590 868 1631 VI.
890 1603 989 1646 pag.
1015 1602 1132 1646 445.
1161 1590 1255 1647 sqq.
1283 1589 1424 1647 Caylii

164 1648 373 1711 descript.
398 1654 582 1713 duarum
603 1651 853 1697 tabularum
880 1662 964 1698 etc.
980 1655 1426 1706 ibid.Tom.XXVIL

164 1737 265 1783 pag.
294 1733 367 1779 34.
390 1721 450 1778 sq.
477 1735 588 1777 quae
609 1719 829 1765 theotisce
854 1721 960 1764 fasta
990 1719 1063 1781 est}
1086 1722 1344 1775 assMeuselio
1375 1728 1423 1768 in

166 1791 331 1832 Grasen
357 1803 448 1832 von
484 1786 644 1847 Caylus
667 1786 1027 1846 Abhandlungen
1061 1804 1134 1831 zur
1159 1790 1422 1836 Geschichte

163 1857 256 1899 vnd
284 1871 361 1898 zur
382 1853 533 1912 Kunst,
566 1870 640 1898 aus
672 1856 776 1899 dem
800 1854 1178 1905 Franzoefiscloen,
1213 1860 1331 1901 Veis
1367 1862 1423 1906 Η.

163 1921 350 1968 Altenb.
387 1922 528 1980 1769.
558 1937 657 1982 pag.
686 1936 793 1981 243.
816 1922 980 1979 sqq..-.
1014 1922 1155 1981 qune
1169 1924 1421 1987 Vorlesung

164 1991 302 2034 veber
338 1990 427 2032 den
451 1988 609 2032 Kasten
642 1990 718 2033 des
742 1987 982 2048 CypseluS,
1016 1992 1089 2035 ein
1124 1990 1232 2037 altes
1264 1993 1425 2040 Kunst-

163 2055 294 2102 werk
326 2073 376 2099 zu
414 2055 619 2114 Olympia
649 2058 732 2101 mit
767 2056 1020 2102 erhabenen
1057 2061 1277 2118 Figat-en,
1308 2051 1422 2106 nach

165 2125 268 2168 dem
289 2123 539 2176 Pausanias,
592 2124 837 2182 Gottingae
878 2136 1020 2180 1770.
1057 2130 1099 2176 8.
1135 2127 1258 2170 Idem
1291 2128 1342 2174 V,
1368 2131 1422 2174 C.

164 2191 244 2235 alia
277 2189 505 2235 Pausaniae
538 2190 839 2234 memorabilia
885 2191 991 2236 scite
1029 2193 1293 2251 eruditeque
1321 2193 1424 2239 illu-

157 2258 269 2303 strat
303 2260 348 2300 in
385 2259 539 2315 priore
575 2257 843 2301 eolleffione
877 2266 962 2302 etc.
998 2258 1274 2321 (Sammiung
1306 2265 1418 2307 anti-

167 2324 412 2382 quarischer
435 2323 655 2376 Aufsatze‚
688 2322 851 2381 Lipsiae
885 2332 1021 2381 1778.
1047 2333 1090 2376 8.
1115 2356 1171 2366 --
1190 2331 1249 2372 M.
1266 2326 1419 2386 Christ.

165 2392 272 2450 Aug.
293 2389 545 2444 Schwarzizg
581 2391 867 2436 conreetoris
892 2392 1066 2437 scholae
1081 2394 1270 2439 Goerliz.
1295 2412 1420 2441 com-

168 2466 375 2506 mentatt.
401 2461 454 2502 ΙΙ.
479 2459 535 2503 de
559 2459 688 2503 sacris
713 2460 849 2504 trium
871 2457 1260 2519 antiquissimarum
1276 2466 1419 2509 Musa-

167 2539 268 2572 rum
301 2526 347 2572 in
380 2525 537 2571 scholis
573 2525 648 2573 vel
680 2527 904 2573 seruandis
941 2526 1012 2574 vel
1039 2528 1323 2577 instaurandis
1362 2535 1418 2578 ad

753 2595 802 2640 Μ
835 2609 870 2655 4-
1309 2602 1419 2650 Pau-
