1686 3025
623 253 946 301 PAVSANIAS.
1093 222 1096 223 ⁷
1323 271 1342 301 ι
1356 265 1379 310 8
1394 273 1411 304 1

160 380 419 440 praesertim
443 394 579 439 quum
598 378 669 425 vel
688 378 915 428 Kuhniana
935 379 1073 425 editio
1095 380 1141 424 in
1152 381 1345 426 tabernis
1357 380 1415 426 li-

160 450 312 495 brariis
338 450 473 493 rarius
508 447 775 494 inueniatur.
841 447 990 506 Atque
1023 456 1229 506 tempore
1251 448 1416 493 Kuhnii

158 515 231 561 vel
255 526 328 561 tot
346 524 637 561 monumenta
657 516 859 560 nondum
880 524 1021 570 eruta,
1055 515 1126 561 vel
1156 531 1249 561 non
1273 531 1412 574 aeque

159 584 269 628 scite
284 593 417 642 atque
428 582 750 643 intelligenter,
784 598 832 627 ac
846 582 990 627 nostra
1004 591 1147 636 aetate
1163 584 1321 628 fastum
1335 582 1413 637 est,
1450 615 1452 617 ·

160 649 370 696 illustrata
396 654 590 695 fuerunt.
658 645 809 708 Atque
831 648 978 694 nostra
1011 659 1157 697 aetate
1190 653 1280 696 duo
1311 652 1412 708 viri,

161 732 264 762 cum
287 719 389 763 artis
424 719 629 776 antiquae
665 725 762 762 tum
796 732 977 777 graecae
1007 717 1184 777 linguae
1221 719 1414 768 scientis,-

159 783 271 842 fimi,
304 785 515 842 Martini,
547 785 709 830 Reaor
730 784 904 829 scholae
939 783 1146 832 Nicolait.
1170 784 1414 843 Lipsiensis,

158 861 292 909 atqu-e
324 852 497 904 Faesus,
526 855 646 896 Prof.
667 850 992 913 Coburgenfi5‚
1028 868 1166 896 nouas
1184 853 1412 909 ,promise-

156 927 265 963 runt
286 917 514 962 Pausaniae
537 921 775 964 editiones,
844 922 1046 970 Quorum
1081 919 1302 977 posterior
1338 935 1414 976 pa-

152 993 226 1042 rat
247 984 366 1030 illam
391 994 439 1031 et
464 995 639 1044 partem
662 988 749 1031 iam
781 986 933 1044 praelo
965 986 1197 1033 commisit.
1265 986 1414 1044 Atque

154 1052 275 1098 hunc
304 1061 459 1111 aptum
485 1056 663 1098 muneri
692 1064 740 1100 et
767 1065 1073 1113 praeparatum
1108 1050 1318 1099 acceffiffe
1359 1054 1416 1098 ad

153 1119 263 1165 illud
282 1137 407 1179 opus,
431 1121 528 1166 satis
552 1121 765 1168 testantur
780 1131 971 1181 quatuor
983 1125 1075 1167 eius
1095 1124 1296 1167 eruditae
1309 1136 1418 1179 pro-

155 1186 344 1233 lufiones
363 1190 416 1233 ad
439 1191 766 1235 emendandum
802 1199 850 1235 et
878 1189 1183 1248 explicandum
1216 1189 1417 1233 Pausani-

156 1250 244 1309 am,
278 1257 481 1317 Coburg,
512 1264 653 1318 1789·
673 1280 740 1290 —-
770 1270 908 1317 1793.
933 1271 980 1315 4.
1011 1273 1196 1315 quarum
1219 1266 1310 1301 tres
1323 1257 1415 1314 pri?

159 1338 261 1366 ores
308 1332 615 1369 commentatt.
654 1325 831 1370 recusae
876 1325 976 1370 sunt
1018 1327 1065 1369 'm
1103 1325 1305 1384 Magazin
1344 1326 1416 1367 fiir

156 1388 462 1445 Schullehrer:
512 1393 634 1448 quod
667 1391 775 1437 vtile
809 1407 920 1449 opus
954 1400 1110 1437 curant
1142 1392 1331 1449 Ruperti
1367 1397 1417 1435 et

157 1457 486 1502 Schlichthorst.
520 1480 589 1492 ·--
651 1457 696 1500 L.
721 1458 778 1503 H.
796 1455 1219 1515 Schurzfleischium‚
1255 1459 1416 1502 editio-

157 1539 263 1568 nem
287 1523 493 1570 molitum
516 1519 639 1569 fuiffe
659 1527 897 1577 variorum,
933 1540 1044 1582 quae
1064 1527 1118 1570 ad
1139 1525 1416 1573 illustrandos

158 1593 364 1636 Graeciae
395 1591 630 1647 scriptores
659 1599 868 1649 uetere&
903 1591 1214 1648 speciatimque
1255 1588 1418 1649 Pausa-

155 1660 292 1708 niam,
326 1659 623 1714 pertinerent,
657 1655 691 1699 I.
715 1653 942 1718 Chrzstopb.
974 1654 1088 1717 Woff
1093 1660 1317 1703 nuntiauit
1332 1674 1415 1715 per

153 1724 326 1770 litteras
350 1721 519 1776 Crofio‚
549 1725 597 1767 in
620 1723 829 1770 thesauro
868 1722 1039 1780 epistol.
1100 1726 1158 1768 La
1194 1726 1415 1769 Croziano

108 1845 118 1853 ·
156 1803 268 1838 tom.
297 1791 352 1835 Π.
387 1807 484 1851 pag.
524 1804 572 1838 2.
599 1817 661 1826 —
727 1791 934 1836 Notanda
956 1800 1147 1850 ‘quoque
1179 1791 1240 1839 est
1276 1790 1416 1836 verfio

147 1857 316 1919 gallica
353 1858 462 1902 Abb.
500 1854 685 1916 Gedoyn.
717 1855 846 1902 Paris.
887 1871 1027 1916 173¹·
1064 1873 1110 1915 4.
1144 1861 1197 1905 Π.
1232 1858 1335 1904 voll.
1370 1868 1418 1904 et

157 1930 278 1971 conf.
308 1928 445 1971 vitam
482 1922 649 1986 Gedoyn
680 1927 726 1969 in
762 1924 875 1970 Hist.
900 1926 1019 1970 acad.
1052 1925 1183 1970 Inscr.
1216 1942 1268 1970 ex
1299 1942 1416 1972 vers·

152 2009 354 2054 german.
387 2002 498 2039 torn.
535 1995 608 2037 IX.
641 1994 691 2050 μ’
730 1994 845 2051 463.
881 1992 975 2050 sqq.
1020 2016 1086 2026 —-
1168 1994 1418 2036 Germanice

153 2063 293 2106 vertit
314 2060 561 2105 Pausaniam
583 2055 826 2118 Goldhagen
841 2090 853 2112 ‚
888 2059 1033 2107 Berol.
1060 2069 1107 2106 et
1124 2063 1239 2119 Lips.
1276 2061 1415 2117 1766.

154 2134 200 2180 8.
214 2131 268 2173 ΙΙ.
280 2126 380 2174 vall.
397 2149 463 2162 ·—-
488 2125 648 2181 italice,
667 2121 835 2189 AlfonJo
846 2127 1086 2171 Buonacciv
1096 2127 1170 2188 oli,
1208 2131 1416 2174 Mantuae

162 2208 178 2239 1
194 2209 300 2256 593.
323 2210 370 2252 4.
400 2203 485 2242 etc.
711 2188 714 2190 v
1157 2191 1160 2194 ⁴

159 2288 161 2290 ·
249 2272 296 2320 5.
327 2262 548 2306 Pausanias
585 2264 643 2306 ob
680 2262 896 2306 variarum
938 2277 1089 2306 rerum
1122 2263 1323 2320 copiam,
1357 2262 1417 2305 ob

158 2329 398 2375 multarum
422 2346 573 2374 rerum
609 2328 953 2388 splendidarum,
991 2327 1297 2386 artificumque
1322 2344 1416 2372 om-

158 2398 316 2454 nisque
353 2398 627 2455 antiquitatis
665 2399 898 2448 notitiam,
945 2406 992 2440 et
1024 2397 1260 2440 iucundam
1284 2396 1416 2440 histo-

159 2464 321 2507 riarum
344 2462 644 2510 diuerfitatem
666 2464 816 2508 auetor
840 2462 900 2506 est
937 2460 1194 2511 vtiliffimus.
1255 2462 1417 2522 Neque

156 2544 266 2581 vero
297 2531 604 2587 conditionem
622 2530 936 2581 tantummodo
951 2533 1180 2579 ciuitatum
1191 2539 1238 2578 et
1252 2546 1419 2593 regno-

747 2601 795 2646 Nl
835 2612 858 2661 3
1319 2612 1420 2644 rum

685 2682 706 2694 Q
