1686 3025
666 217 910 265 STRATO.
1318 235 1411 281 225

144 344 404 399 ZenodotO,
421 345 706 405 Diogeniano
729 352 775 390 et
801 344 955 391 Suidae
979 340 1270 407 collet’taneiS.
1307 347 1409 390 Par-

147 413 231 459 tim
268 415 388 458 edita
419 427 537 456 nunc
576 415 792 469 primum,
848 413 1009 469 partim
1048 410 1183 456 latine
1215 413 1409 464 reddita.

146 480 414 538 scholiisque
435 479 650 537 parallelis
679 479 887 524 illustrata
914 481 966 524 ab
1000 479 1047 529 A.
1069 476 1232 522 Schotto
1249 512 1263 536 ‚
1294 482 1409 524 Ant-

147 563 290 606 werp.
325 563 380 592 ex
410 546 526 591 offic.
561 546 744 604 Plantin.
784 550 922 591 1612.
957 549 1065 591 min.
1099 546 1173 594 fol.
1237 548 1407 606 AdagIa

147 615 350 660 indolem
371 624 417 659 et
444 616 727 659 notationem
751 613 904 671 populi
927 615 1150 658 cuiusdam
1184 623 1260 659 aut
1294 618 1409 660 anti·

141 684 365 741 ‘quitatem
390 691 438 727 et
457 682 615 739 gradus
641 680 755 739 quasi
787 683 1050 726 eruditionis
1083 683 1304 736 indicare,
1338 698 1412 727 ae.-

148 765 237 807 que
267 748 449 802 constat,
483 761 532 794 ac
559 751 691 799 etiam
725 751 953 792 neminem
988 750 1146 808 fugiet,
1180 751 1275 807 quis
1308 749 1410 793 illo-

147 832 249 860 rum
286 815 338 860 sit
367 817 556 868 modus,
601 825 649 860 et
682 817 858 873 quando
893 817 1194 874 scriptoribus,
1227 815 1411 862 laudem.

145 882 435 940 plausumque
478 884 730 940 peritorum
768 882 1133 940 consequuturis‚
1198 883 1408 941 vsurpare

144 948 247 993 illos
286 949 430 993 liceat.
497 951 683 994 Confer.
718 944 911 991 Fabricii
958 952 1003 993 B.
1053 950 1129 993 Gr.
1167 950 1285 994 Libr.
1326 950 1411 998 IV.

145 1015 248 1062 Vol.
267 1018 342 1062 III.
364 1032 462 1076 pag.
484 1023 598 1068 282.
621 1016 685 1074 sq,
710 1016 797 1062 vel.
831 1018 936 1062 edit.
973 1013 1188 1059 Ruhnken
1204 1019 1251 1060 in
1279 1019 1409 1074 prae-

145 1086 223 1129 fat.
246 1086 380 1129 Tom.
401 1087 454 1128 11.
491 1083 683 1143 Hesych.
713 1100 815 1145 pag.
845 1087 901 1133 X.
935 1084 1031 1142 sqq.
1062 1083 1171 1128 Saxa
1201 1085 1249 1128 in
1284 1085 1411 1130 Ono-

147 1150 266 1197 mast.
291 1150 408 1198 liter.
437 1153 470 1199 Ι.
495 1167 595 1212 pag.
617 1158 735 1212 338..
759 1198 766 1208 ,

678 1255 720 1307 §·
789 1237 872 1312 71·
915 1300 922 1307 .

253 1356 324 1402 De
346 1357 672 1411 STRATONE,
709 1371 845 1416 quem
863 1353 1025 1402 Reiske
1048 1358 1200 1403 Seueri
1220 1360 1412 1416 impera·

143 1425 258 1469 toris
294 1426 573 1482 temporibus
605 1424 833 1483 aequalem
868 1422 1181 1482 fuiffeputat,
1212 1443 1256 1472 v.
1286 1428 1413 1483 supra

148 1493 197 1537 in
220 1492 556 1552 prolegomenis
582 1508 683 1552 pag.
719 1492 829 1538 LVI.
865 1492 960 1550 qu.
993 1490 1119 1534 Klotz
1148 1495 1195 1537 in
1224 1498 1412 1551 praefat.

147 1560 203 1603 ad
219 1560 437 1604 Stratonis
454 1560 787 1618 epigrammata,
802 1557 984 1604 Altenb.
1005 1572 1021 1602 1
1034 1561 1144 1617 764.
1161 1567 1205 1612 8.
1220 1562 1411 1609 Brunck.

148 1627 197 1670 in
230 1628 369 1682 praef.
401 1626 456 1668 ad
493 1624 687 1670 Analea.
722 1634 848 1683 poet.
890 1642 1039 1685 graeC.
1085 1636 1133 1671 et
1169 1643 1282 1684 quae
1316 1644 1411 1689 ego

147 1689 294 1751 scripsi
317 1693 365 1738 in
389 1687 518 1739 Fabr.
541 1694 586 1737 Β.
612 1694 689 1738 Gr.
709 1692 799 1737 vol.
830 1694 907 1740 IV.
929 1708 1028 1753 pag.
1051 1705 1142 1751 422
1177 1695 1272 1753 sqq.

561 1901 567 1907 ¹
676 1828 721 1880 ᾗ.
793 1840 876 1885 72.

549 1977 551 1980 v
596 1912 964 1962 OPPIANVS.

219 2038 260 2072 1.
291 2025 463 2073 Floruit
486 2028 587 2072 circ.
608 2043 646 2073 a.
681 2029 732 2074 C.
769 2041 876 2085 204.
908 2027 1151 2072 secundum
1180 2025 1411 2089 vulgarem

149 2096 439 2153 opinionem3
493 2104 538 2141 at
562 2094 612 2139 cl.
635 2095 953 2148 Schneiderus‚
990 2098 1064 2152 qui
1084 2095 1202 2140 illam
1227 2098 1413 2154 quidem

149 2164 198 2206 in
219 2162 518 2206 Animaduerfi
549 2178 649 2222 pag.
678 2174 783 2222 345.
809 2162 874 2219 sq.
899 2162 997 2206 suae
1024 2163 1232 2207 editionis
1256 2179 1412 2207 corro-

152 2231 313 2274 borate
344 2229 591 2283 studuerat,
649 2239 696 2274 et
731 2231 777 2273 in
813 2231 1086 2286 praefatione
1124 2239 1173 2275 et
1203 2232 1249 2274 in
1287 2232 1410 2275 notis

92 2336 100 2343 .
153 2286 259 2355 pag.
286 2311 398 2356 404.
432 2298 620 2343 discedit
649 2297 861 2356 avulgari
896 2296 1144 2353 sententia,
1189 2296 1410 2357 colligens

154 2376 208 2406 ex
230 2363 481 2410 diuersitate
500 2366 670 2425 ingenii
696 2365 987 2421 didiionisque
1012 2379 1113 2408 curn
1133 2367 1179 2408 in
1193 2373 1295 2409 toto
1311 2380 1413 2408 cor-

149 2431 275 2491 poris
297 2429 471 2486 habstu,
507 2442 603 2478 tum
637 2434 684 2476 in
712 2430 977 2492 singularum
1007 2433 1198 2488 partium
1232 2433 1414 2476 confor-

152 2497 381 2554 matione,
410 2498 545 2546 libros
570 2500 628 2546 de
657 2503 879 2544 venatione
909 2507 956 2546 et
980 2494 1216 2564 pistatione
1248 2500 1311 2544 ab‘
1336 2514 1415 2542 eo-

226 2572 267 2620 T
262 2585 332 2615 om.
353 2573 404 2614 II.
775 2569 808 2612 P
1305 2567 1409 2610 dem
