1686 3025
318 296 414 346 532
583 281 676 328 MA
683 269 949 329 TTHAEVS
976 279 1313 332 BLASTARES.

417 405 659 452 Planudem
684 424 710 452 e
742 408 921 454 Graecis
944 409 1138 467 primum
1160 405 1312 462 fuiss'e,
1347 409 1424 468 qui
1450 409 1578 455 Zifris

317 476 474 522 indicis
498 476 528 520 s.
552 476 731 520 arabicis
756 478 803 520 in
822 478 1099 521 numerando
1122 485 1342 536 vteretur,
1379 489 1433 522 ex
1445 476 1583 522 Atha-

314 542 422 588 nasii
452 544 654 588 Kircheri
698 543 1044 605 arithmologia‚
1087 547 1254 589 Romae
1293 545 1434 601 1665.
1464 553 1578 602 part.

313 613 350 658 Ι.
374 626 467 668 cap.
488 610 566 658 vlt.
585 618 750 657 notant
767 612 1093 670 Papebrochius
1113 612 1359 671 Stephanus
1380 611 1423 656 le
1447 614 1580 672 Moy-

313 694 373 723 ne
406 687 454 724 et
484 680 727 737 Fabricius,
758 688 893 738 atque
925 695 980 724 ex
1015 679 1104 724 hoc
1143 676 1350 739 Villozfin
1381 681 1429 723 in
1448 695 1578 725 anec-
1631 722 1633 724 .

300 746 414 791 dot·
450 761 594 807 graec.
622 755 737 792 tom.
757 748 813 792 ΙΙ.
843 763 943 808 pag.
974 760 1082 807 153.
1107 755 1206 793 not.
1230 750 1265 793 Ι.
1290 749 1367 806 qui
1394 762 1448 792 ex
1472 748 1578 797 cod.

310 816 507 869 Veneto,
530 816 577 859 in
599 829 688 874 quo
705 811 990 857 Arithmetica
1011 810 1222 858 Planudis
1243 814 1385 860 adhuc
1409 815 1577 861 inedita

307 881 537 940 seruatur,
571 882 714 940 prima
747 884 883 927 verba
913 882 1145 940 adposuit,
1179 884 1337 940 quibus
1359 882 1574 928 horumce

308 965 607 994 numerorum
640 950 756 996 ratio
791 958 927 1008 atque
959 950 1060 995 vsus
1101 951 1359 996 traduntur.
1447 950 1574 995 Idem

310 1012 513 1075 Villoifhn
541 1017 648 1063 ibid.
681 1032 779 1077 pag.
818 1029 896 1075 79.
931 1025 1154 1063 memorat
1187 1019 1287 1062 cod.
1318 1020 1480 1063 Venet.
1512 1019 1572 1062 D.

306 1085 474 1137 Marci,
508 1084 556 1127 in
575 1098 667 1141 quo
687 1084 828 1129 exstat·
847 1086 1026 1129 Maximi
1049 1082 1254 1132 Planudis
1278 1084 1336 1129 de
1357 1083 1573 1142 quaestio-

305 1153 435 1195 nibus
455 1151 750 1208 grammaticis
774 1149 975 1209 dialogus
998 1147 1218 1209 Neophron
1241 1160 1282 1192 et
1304 1150 1572 1194 Palactimus

304 1217 566 1273 inscriptus,
602 1217 679 1275 qui
711 1216 895 1273 quidem
914 1214 1063 1259 lucem
1081 1217 1228 1260 minus
1255 1225 1499 1263 mereatur

411 1298 454 1342 3.
488 1281 562 1327 De
589 1280 786 1327 Planude
820 1284 1006 1341 eiusque
1040 1282 1212 1340 scriptis
1243 1284 1425 1329 ineditis
1473 1299 1568 1331 non

305 1352 449 1412 magis
475 1365 608 1408 quam
638 1351 769 1397 editis
801 1367 842 1398 v
870 1345 1068 1439 Fabricii
1096 1352 1144 1395 B.
1169 1351 1248 1398 Gr.
1269 1349 1360 1398 vol.
1386 1353 1440 1397 X.
1463 1366 1569 1413 pag.

309 1432 425 1480 533
458 1419 551 1479 sqq·

838 1560 877 1610 s·
920 1559 1027 1613 148

401 1619 737 1673 Matthaeus
780 1619 1060 1679 Blastares
1094 1619 1182 1666 siue
1217 1619 1361 1679 Blast
1380 1635 1446 1665 ar
1460 1624 1566 1681 ius·

302 1690 869 1744 Hieromonaclms‚18tus
895 1706 1095 1751 graecu5‚
1117 1692 1229 1735 circa
1257 1706 1296 1735 a
1331 1702 1462 1750 1330.
1487 1698 1565 1741 aut

300 1757 451 1834 paullo
488 1759 623 1802 serius
661 1758 914 1816 composuit
947 1774 1086 1832 opus,
1123 1758 1245 1814 quod
1275 1753 1362 1802 esse
1384 1759 1565 1811 dicitur,

288 1826 515 1870 eximium
530 1857 543 1880 ‚
590 1843 836 1887 συνταγμοι
858 1816 988 1873 nard
1012 1822 1194 1885 ςοιχέἱον
1209 1858 1225 1884 ,
1238 1821 1477 1884 syntagma
1502 1823 1566 1867 al-

293 1888 567 1956 phabeticum
603 1907 774 1947 rerum,
810 1906 917 1955 quae
956 1894 1005 1935 in
1017 1890 1169 1948 sacris
1191 1890 1464 1935 conciliorum
1480 1903 1564 1955 pa-

299 1970 505 2022 trumque
534 1957 762 2004 canonibus
794 1970 835 2003 ct
869 1962 1178 2022 imperatorum
1202 1955 1360 2020 legibus
1381 1957 1564 2017 exstant,

299 2024 618 2089 digestarumz
572 2023 658 2087 stab
679 2029 809 2072 certis
825 2027 997 2082 titulis,
1032 2025 1285 2070 litterarum
1303 2023 1456 2073 ordina
1475 2023 1564 2083 dis-⁴

293 2095 453 2159 posttz's.
521 2097 572 2141 Id
602 2097 769 2154 primus
798 2111 956 2156 graece
978 2109 1080 2140 cum
1103 2094 1176 2139 sua
1201 2093 1403 2140 versione
1425 2095 1559 2141 latina

301 2163 447 2209 edidit
472 2161 586 2208 Guil
612 2163 889 2224 Beuerzgius,
925 2172 1056 2209 tomo
1079 2163 1136 2208 11.
1158 2165 1308 2221 magni
1333 2164 1563 2223 Synodici,

298 2228 389 2276 siue
422 2231 652 2276 Pandeffis
686 2246 909 2276 canonum
942 2239 1055 2289 part.
1092 2243 1139 2283 2,
1176 2246 1275 2291 pag.
1309 2245 1326 2275 1
1358 2253 1424 2266 --
1446 2244 1560 2288 272.

296 2299 378 2344 sed
416 2309 607 2358 propter
638 2298 788 2359 plura,
819 2315 933 2358 quae
956 2298 1234 2346 emendanda
1257 2307 1305 2343 et
1327 2300 1562 2358 corrigam·

297 2367 353 2411 da
387 2365 632 2426 supersint,
659 2383 827 2425 operae
850 2370 1045 2426 pretium
1071 2363 1186 2420 effe,
1221 2376 1269 2411 vt
1297 2382 1394 2410 cum
1418 2367 1559 2414 codde

296 2434 643 2479 vindobonens.
687 2445 734 2479 et
759 2434 933 2479 Gallicis
955 2438 1211 2479 conferatur
1238 2449 1365 2490 opus,
1390 2435 1556 2478 indica·
1654 2469 1657 2485 .,

296 2512 403 2547 runt
436 2502 689 2552 Cotelerius
721 2514 769 2546 et
791 2499 958 2547 Fabric.
988 2503 1129 2560 quiin
1160 2501 1268 2544 Bibl.
1292 2517 1361 2562 gr.
1383 2501 1473 2547 vol.
1498 2505 1553 2549 X.
1651 2506 1665 2562 {2

295 2584 397 2629 pag.
432 2583 542 2628 493.
578 2569 640 2627 sq.
676 2570 733 2615 de
770 2569 946 2628 reliquis
979 2571 1108 2614 editis
1137 2570 1408 2627 ineditisque
1437 2572 1553 2614 Mat·
1646 2563 1665 2663 r*

1431 2636 1553 2683 thaei
1660 2638 1663 2656 '
