1686 3025
289 242 401 288 —206
733 238 1125 293 PHRYNICHVS.

297 369 346 413 in
369 367 527 415 litteris
560 368 612 411 V.
646 367 703 411 D.
730 366 786 409 ad
817 362 1043 411 Reiskium
1080 367 1191 412 datis
1225 375 1274 416 et
1309 369 1401 414 eius
1423 369 1557 430 vitae,

296 437 549 496 germanice
577 433 783 491 scriptae,
835 433 993 478 additis
1026 449 1126 495 pag.
1155 435 1258 493 196.
1284 436 1346 494 sq.
1375 448 1466 479 202
1491 437 1555 494 sq.

298 516 409 559 205.
434 515 541 545 212.
573 518 628 527 --
669 499 917 550 Valckenar.
949 501 996 544 in
1027 502 1218 547 diatribe
1248 503 1302 547 ad
1333 503 1554 560 Euripidis

294 567 533 627 Hippolyt.
556 583 608 625 pa
588 584 655 628 g.
690 581 797 627 155.
827 576 874 612 et
899 580 1005 626 252.
1026 570 1072 612 in
1093 577 1202 615 nota
1227 585 1281 615 ex
1308 569 1481 614 scholiis
1506 572 1555 614 in

293 635 532 680 Aristidem
552 637 757 691 ineditis,
789 650 901 695 quae
924 632 1118 695 possedit
1130 639 1175 682 P.
1201 639 1475 684 Burmannus
1495 638 1552 686 11.

291 718 427 763 pauca
445 702 704 763 publicauit

857 871 868 887 .
943 836 1022 889 62.

724 842 1117 974 PHgYNICHVS.

398 1049 438 1086 1.
473 1040 560 1087 Sub
583 1037 811 1101 Augustis',
846 1043 910 1087 NI.
930 1039 1113 1086 Aurelio
1127 1048 1174 1087 et
1194 1040 1450 1088 Commodo
1463 1036 1551 1086 fio«

282 1115 440 1221 hut-2·
475 1173 739 1227 Arrhabiu5‚
769 1173 942 1219 Rhetor
966 1180 1015 1218 et
1033 1173 1230 1231 Sophista
1249 1173 1478 1233 Bithynus.

387 1287 433 1333 3.
466 1274 710 1332 Supersunt
736 1271 931 1334 Eclogae
963 1274 1199 1320 nominum
1232 1281 1280 1321 et
1303 1275 1545 1321 verborum

284 1343 538 1388 atticorum.

378 1457 423 1501 4.
456 1443 611 1488 Editae
658 1441 760 1487 sunt
801 1441 994 1499 primum
1023 1456 1049 1485 a
1079 1438 1256 1486 Zachar.
1302 1438 1562 1504 Calliergos

282 1522 457 1573 graece,
478 1509 555 1554 fia.
567 1511 615 1553 in
629 1514 670 1560 8.
704 1508 860 1567 (Apud
874 1510 1117 1553 Fabricium
1134 1516 1361 1555 notatura.
1379 1523 1433 1569 15
1447 1513 1542 1566 17.)

280 1579 565 1638 tum'graece
591 1591 693 1620 cum
713 1576 976 1620 difflonario
989 1592 1174 1635 graeco,
1208 1579 1365 1622 Venet.
1399 1590 1539 1635 ¹524-

281 1645 363 1691 fol.
392 1669 460 1678 --
501 1645 616 1702 apud
649 1645 901 1688 Voscanurn
929 1642 1057 1687 Paris,
1080 1647 1162 1703 ffgr.
1199 1653 1337 1702 1532.
1365 1648 1413 1695 8.
1437 1659 1539 1689 cum

277 1712 455 1757 Thoma
480 1709 715 1770 Magistro,
750 1708 1046 1767 Moschopulo
1078 1719 1167 1755 etc.
1241 1712 1292 1754 In
1331 1708 1395 1754 his
1432 1712 1539 1757 edd.

277 1780 529 1826 litterarum
551 1778 666 1822 ordo
690 1777 904 1822 seruatur.
938 1791 994 1805 ⁶·-
1021 1779 1052 1821 Ε
1084 1778 1238 1821 codice
1259 1775 1433 1834 plenius
1446 1794 1539 1822 me-

277 1847 452 1905 liusque
480 1845 646 1896 edidit,
691 1859 757 1904 gr.
790 1854 837 1888 et
861 1843 934 1890 lat.
968 1843 1220 1900 Nunnqsim,
1268 1844 1538 1900 promiscue,

278 1913 403 1960 nullo
434 1913 685 1958 litterarum
714 1911 875 1957 ordine
911 1912 1114 1964 seruato,
1164 1911 1302 1968 1586.
1336 1932 1405 1945 ·—-
1432 1928 1533 1958 cum

275 1983 397 2028 notis
421 1990 470 2027 et
500 1980 718 2024 indicibus
754 1976 869 2024 Dau.
901 1973 1163 2036 Hoeschelit‘,
1214 1981 1328 2039 Aug
1355 1979 1535 2028 Vindei.

282 2051 418 2095 1601.
441 2064 490 2106 4
539 2070 597 2081 -—-
642 2047 757 2092 Cum
779 2045 1056 2103 superiorum
1082 2055 1129 2091 et
1153 2046 1326 2103 Iosephi
1347 2046 1532 2108 Scalige-

275 2120 338 2170 ri‚
383 2117 529 2171 (cuius
575 2113 864 2158 animaduers.
901 2115 1012 2159 Dan.
1037 2111 1280 2158 Hoeschel.
1310 2114 1532 2174 Augustae

273 2182 451 2230 Vindel.
480 2182 621 2241 1603.
639 2195 686 2238 4.
701 2180 921 2238 ediderat)
948 2172 1128 2239 suisque
1149 2183 1284 2239 notis,
1318 2183 1386 2229 10.
1415 2183 1528 2227 Cor-

272 2251 364 2297 nel
388 2251 442 2295 de
467 2253 595 2310 Paw,
638 2249 828 2294 Trade&
854 2249 910 2292 ad
942 2248 1082 2294 Rhen.
1125 2261 1263 2308 1739.
1296 2262 1344 2305 4.
1389 2246 1529 2308 Phry

272 2316 418 2364 m'chus
439 2317 665 2376 scripserat
689 2331 900 2377 magnum
920 2332 1056 2374 opus⁷
1101 2311 1380 2389 ταξασκευὴν
1404 2317 1458 2372 (a.
1477 2327 1528 2363 vt

272 2389 320 2432 in
331 2387 425 2431 cod
441 2384 620 2445 legitur,
636 2378 1028 2447 πραποιςοεσκευηι)
1050 2377 1287 2444 σ-οφιςικῆν,
1320 2385 1525 2430 XXXVII

273 2453 395 2499 libris
417 2452 628 2497 constans,
651 2451 708 2494 de
732 2466 821 2507 quo
845 2467 886 2495 v.
915 2448 1110 2494 Photium
1146 2452 1246 2497 cod
1285 2460 1392 2510 158.
1424 2466 1524 2511 pag.

276 2533 388 2583 324.
415 2519 583 2583 Mcnag.
610 2520 662 2565 ad
685 2519 877 2577 Diogen.
899 2521 1046 2566 Laert.
1065 2535 1164 2581 pag.
1193 2532 1302 2580 239.
1366 2517 1522 2630 Εοὲεκ

1455 2600 1522 2631 er·

1670 1505 1676 1541 «ι.
1667 1429 1675 1486 ’.κῃ
1670 1410 1674 1412 ι
1671 1356 1673 1359 .
1658 1288 1661 1293 -
