1640 3030
612 234 902 290 EVTOCIVS.
1300 253 1357 300 39
1372 253 1389 286 ι

126 361 254 407 nibus
275 362 403 406 variis
427 366 475 407 et
499 362 618 407 notis
644 363 697 406 ab
725 360 894 420 [gnatia
917 354 1088 415 Ham,
1116 361 1387 421 Presbytero

127 441 176 474 et
199 428 401 476 biblioth.
423 428 649 475 electorali
671 427 923 477 Monacenfi
953 428 1173 475 adiuncto.
1228 433 1387 476 Mona-

124 496 211 541 chii
235 505 281 540 et
303 492 634 555 Lipsiae'1792.
666 505 707 548 8.
734 496 824 541 fine
863 498 1127 544 accentibus,
1202 499 1384 543 Bianco-

120 566 220 608 nius
239 565 467 608 vberiores
478 597 493 621 ,
522 565 752 610 maximam
772 573 943 622 partem
961 563 1200 619 historiam,
1235 567 1385 613 Hardt:

120 630 264 678 multo
289 633 543 689 breuiores,
598 639 648 678 vt
673 636 675 639 ’
685 631 923 690 plurimum
949 634 1081 676 varias
1105 631 1317 678 lectiones
1352 648 1381 679 e

117 699 334 744 chronico
346 698 588 743 Theodo'ssi
600 700 823 744 cuiusdam
835 699 1026 745 Melitini
1037 699 1179 744 adhuc
1190 702 1382 754 inedito,

118 782 172 811 ex
184 768 413 821 CedrenO,
447 766 618 827 Cyrillo
644 766 823 826 aliisque
844 776 1071 824 excerptas
1093 767 1378 813 subiecerunt:

2 860 8 882 :s
115 836 366 879 contextui.
447 834 689 892 Vtriusque
709 843 857 879 autem
896 835 1117 879 editiones
1146 836 1376 881 interdum

1 895 7 948 ’j
36 941 38 943 ,
111 901 360 956 discrepare
387 900 598 957 scriptura
637 909 685 946 et:
713 901 1003 958 lectionibus,
1059 900 1175 945 haud
1209 904 1375 947 mirum

3 967 5 975 ⁴
109 969 350 1014 videbitur.
383 989 451 1000 ---
484 968 554 1011 De
576 966 656 1010 illo
679 966 863 1018 Polluce,
893 969 1108 1024 scriptore
1138 967 1371 1012 christiano

107 1034 351 1083 admodum
370 1048 505 1091 pauca
526 1035 655 1079 dedit
678 1029 900 1082 Fabricius
929 1037 977 1080 in
1007 1036 1055 1081 Β.
1086 1035 1162 1081 Gr.
1194 1033 1272 1086 lib.
1293 1037 1371 1084 IV.

107 1117 200 1163 cap.
227 1116 252 1146 2
261 1116 303 1162 3.
328 1100 501 1150 vol.IV.
523 1117 624 1163 pag.
644 1115 761 1162 491.

645 1243 685 1294 §.
753 1250 834 1296 42.

170 1328 177 1337 “
201 1341 382 1386 Zenonis
401 1339 682 1397 imperatoris
705 1332 899 1387 ἔνωτικὸν
922 1354 959 1385 a
974 1337 1076 1383 Chr,
1101 1344 1215 1397 482
1237 1354 1367 1401 grae-

104 1424 156 1454 ce
178 1408 361 1452 exhibet
378 1406 596 1466 Euagrius
619 1406 718 1453 hist
733 1410 808 1454 III.
838 1420 912 1464 14.
941 1405 1018 1452 lat.
1034 1403 1368 1454 FacundusXII.

102 1493 151 1538 4.
180 1483 228 1520 et
246 1470 341 1517 Libe
334 1484 468 1517 r·atus
491 1489 583 1531 cap.
619 1480 692 1526 18.
724 1478 844 1521 conf
873 1469 1063 1517 Fabricii
1092 1476 1140 1520 Β
1165 1473 1242 1521 Gr
1268 1475 1360 1523 voi.

100 1547 156 1592 X
179 1558 279 1602 pag.
307 1547 417 1598 548.
437 1543 533 1585 XII
557 1555 654 1598 pag.
684 1555 792 1600 344,
836 1540 891 1584 Io.
930 1539 1043 1584 Guil.
1062 1534 1244 1601 Be'rgeri
1264 1546 1361 1588 He-

98 1612 251 1657 notica
269 1609 470 1659 orientis,
509 1607 824 1671 Wittebergae
854 1621 942 1665 172
951 1623 993 1667 3.
1015 1622 1063 1664 4.
1110 1605 1247 1653 Andr.
1284 1610 1361 1652 Fe-

95 1676 234 1723 derici
267 1674 525 1719 constitutio
557 1677 751 1718 Zenonis
786 1677 842 1719 de
879 1673 1084 1719 aedificiis
1116 1691 1173 1720 ex
1195 1692 1359 1736 graeco

94 1747 145 1812 in
166 1744 353 1792 latinum
375 1741 498 1789 versa
520 1749 568 1788 et
589 1740 810 1789 illustrata.
844 1739 1035 1801 Neapoli
1063 1754 1203 1801 1770.

631 1879 673 1932 §·
740 1892 822 1939 43·

192 1979 411 2030 Emodus,
442 1977 715 2034 Ascalonita,
748 1977 1084 2026 mathematicus
1109 1987 1157 2024 et
1179 1979 1350 2025 mecha-

94 2050 218 2094 nicus
254 2049 356 2092 circ.
393 2062 430 2091 a.
459 2046 543 2090 Ch.
569 2053 666 2106 478
708 2048 948 2092 secundum
982 2047 1160 2090 Saxium
1182 2049 1271 2092 On.
1296 2050 1350 2092 Π.

90 2132 195 2176 pag.
227 2128 265 2160 Ι.
285 2114 360 2159 sed
379 2113 477 2172 post
497 2130 536 2160 a.
574 2128 679 2171 500.
706 2115 823 2172 apud
851 2109 1081 2174 Hamberg.
1117 2116 1163 2158 in
1176 2114 1351 2159 Zuverl.

88 2183 250 2232 Nachr.
272 2190 385 2228 tom
418 2183 559 2238 111.p.
583 2188 695 2240 298.
733 2180 899 2239 scripsit
927 2183 1266 2226 commentarios
1299 2183 1349 2226 in

89 2252 305 2310 quosdam
342 2249 617 2294 Archimedis
656 2257 705 2294 et
732 2248 963 2306 Apollonii
986 2251 1169 2310 Pergaei
1192 2247 1346 2295 libros.

90 2322 210 2366 conf.
231 2311 424 2363 Fabriciz
446 2319 494 2365 B.
517 2318 595 2364 Gr.
619 2315 712 2365 vol.
735 2319 807 2362 IV
833 2332 930 2379 pag.
965 2330 1075 2377 203.
1108 2317 1172 2377 sq.
1200 2331 1346 2362 nouae

87 2387 201 2437 edit.

643 2586 720 2637 Bb
750 2599 786 2648 4
1191 2586 1233 2641 §-
1262 2598 1341 2644 44·
