1686 3025
244 228 341 280 452
353 259 357 262 .
686 208 1078 260 THEOPHANES.

251 340 392 387 tionis
417 334 565 384 X—-V
586 339 790 382 enotauit
823 337 905 381 suis
925 336 1067 382 doffis
1088 333 1298 396 adspersis
1333 327 1522 383 adnota-

254 409 471 455 tionibus.
515 428 582 440 ——-
625 402 691 449 Ek
728 404 863 449 codd.
900 405 1144 459 Vaticano,
1190 404 1523 459 Panormitano,
1605 393 1639 408 Ἃ

253 470 536 522 Escurialenfi
560 480 610 518 et
622 468 1189 530 ParifiensibusFranciscus
1199 468 1383 530 Seorsus,
1415 475 1524 537 Pan-3
1544 485 1546 487 ·

258 544 470 588 ormitan.
499 542 539 586 S.
573 542 606 584 Ι.
638 538 767 585 LXII.
787 548 922 585 oratt.
943 538 1256 598 Theophanis,
1315 555 1416 585 cum
1437 555 1522 583 no-
1615 575 1617 578 .

256 612 316 656 tis
349 625 417 670 gr.
441 616 489 653 et
524 606 600 653 lat.
638 609 804 666 primus
843 606 1074 668 euulgauit
1113 609 1243 655 Paris·
1279 608 1415 665 ¹644.
1445 605 1526 652 fol.

257 676 409 723 Nlulto
433 684 584 720 autem
611 675 760 734 plures
784 674 985 719 homilias
1022 670 1342 732 conscripserat
1370 673 1542 720 Theo-‘

257 744 457 803 phanes„
505 746 618 789 Nam
642 744 686 787 in
710 744 808 787 cod.
829 745 958 802 regio
986 745 1156 789 Matrit.
1177 743 1299 788 XVI.
1323 741 1431 787 olim
1453 756 1531 787 ex·

258 808 410 858 stitisse
444 825 523 870 91.
554 810 709 857 titulus
749 809 959 855 testatur:
1029 809 1166 855 hodie
1200 819 1353 856 tamen
1378 810 1533 855 insunt
1594 854 1597 858 .

257 880 494 925 LXXVIII.
522 886 655 924 oratt.
679 882 738 924 At
761 880 808 922 in
829 879 995 923 codicis
1020 881 1172 923 fronte
1195 878 1358 924 litteris
1382 893 1406 922 a
1426 875 1532 922 reli-

259 947 461 1006 qualibri
480 947 692 1004 scriptura
703 945 882 991 diuersis
894 945 1062 1005 legitur
1073 938 1252 1008 πένημοι
1275 953 1314 1007 φ
1325 965 1337 991 ι
1350 954 1424 993 λοι
1435 937 1533 1007 *on-

260 1011 339 1066 Sa
375 1014 446 1064 τὲ
480 1007 795 1075 φιλοσόφε.
854 1016 946 1057 Has
963 1028 1118 1068 ornnes¹
1134 1022 1268 1060 oratt.
1290 1011 1535 1074 diligenter

263 1083 473 1128 recenset
486 1081 648 1125 Iriarte
678 1083 725 1124 in
748 1079 873 1125 catal.
898 1082 1031 1124 codd.
1057 1096 1122 1139 gr.
1139 1077 1309 1127 Matrit.
1346 1097 1444 1142 pag.
1470 1095 1531 1141 55

261 1151 358 1209 sqq.
386 1158 435 1194 et
458 1163 558 1207 pag.
597 1148 676 1204 64.
701 1147 792 1203 sqq.
816 1142 986 1190 disserit
1018 1147 1074 1188 de
1107 1147 1296 1190 auctoris
1332 1150 1537 1204 nomine,

263 1226 437 1272 aetate,
473 1214 737 1272 scriptisque
764 1221 811 1257 et
830 1212 925 1269 ipso
948 1213 1118 1267 codice.
1187 1215 1383 1258 Primum
1397 1216 1556 1276 igitur,

264 1278 595 1339 animaduertit}
629 1280 858 1324 auctorem
871 1277 1269 1338 nuncuparimodo
1292 1282 1538 1343 Georgium,

265 1353 300 1398 s.
325 1351 606 1411 Gregorz'um5
652 1348 792 1392 modo
827 1344 1140 1408 Theophanem,
1194 1349 1334 1393 modo
1367 1345 1550 1412 Philip-‘

262 1431 390 1485 pum,
423 1418 564 1462 modo
584 1416 785 1474 denique
809 1412 1100 1478 Nicephorum,
1132 1416 1340 1461 adiuncto
1362 1417 1539 1476 semper

267 1487 497 1544 Gemmeus*
524 1483 596 1529 vel
634 1483 908 1543 Ceramitab’,
959 1484 1082 1542 quod
1112 1482 1299 1545 figulum
1333 1485 1541 1540 denotat,

269 1559 617 1617 cognoment03
670 1550 1000 1609 Theophanem
1027 1565 1138 1596 vero
1165 1547 1420 1612 Philagathi
1453 1568 1541 1598 no-

270 1626 421 1675 mine,
451 1621 574 1680 quod
597 1622 646 1664 in
669 1617 748 1663 illo
772 1627 945 1664 tantum
970 1620 1166 1664 occurrit
1190 1621 1373 1675 codice,
1416 1621 1555 1668 vsum„

270 1686 424 1743 fuisse,
460 1690 569 1733 dum
589 1689 725 1733 vitam
750 1695 910 1746 ageret
945 1686 1244 1732 monasticam.
1331 1690 1401 1734 De
1425 1687 1542 1733 illius

273 1765 422 1803 aetate
451 1763 670 1813 prouocat
700 1753 754 1797 ad
792 1749 1005 1807 Qudinum
1046 1755 1093 1796 in
1124 1756 1452 1801 commentario
1483 1756 1543 1800 de

275 1822 483 1870 ecclesiae
505 1822 793 1879 scriptoribus
819 1822 1010 1878 antiquis
1027 1852 1040 1874 ,
1068 1829 1184 1866 tom.
1211 1824 1265 1867 Π.
1289 1821 1373 1867 col.
1414 1836 1430 1867 1
1447 1836 1463 1866 1
1478 1828 1540 1880 85

274 1893 372 1951 sqq.
400 1892 519 1934 Tum
546 1891 638 1948 agit
663 1888 720 1932 de
746 1888 846 1932 cod.
873 1886 1157 1932 Escurialenfi
1179 1889 1374 1948 denique
1387 1892 1550 1934 confe-
1618 1941 1620 1944 v
1663 1896 1673 1912 ⁴

274 1962 338 2005 cit
359 1956 612 2017 catalogum
635 1955 926 2012 Theophanis
956 1954 1240 2000 homiliarum
1275 1970 1356 2014 per
1396 1955 1546 2014 alpha·

277 2027 375 2071 beti
398 2025 606 2068 ordinem
635 2021 869 2082 digestum.
946 2021 1074 2066 Adde
1101 2025 1161 2067 Nl.
1197 2023 1293 2066 Car.
1318 2019 1415 2072 Chr.
1440 2024 1546 2068 Ern-

277 2091 469 2144 Charitiz
494 2091 602 2148 disp.
629 2091 661 2133 L
687 2088 881 2147 praeside
909 2088 1063 2135 Christ.
1087 2090 1205 2135 Frid.
1221 2091 1452 2146 Matthaei,
1486 2091 1553 2137 de'

248 2212 250 2216 .
278 2159 562 2218 Theophane
586 2158 850 2216 Ceramico,
888 2172 986 2214 pars
1017 2159 1048 2200 1.
1075 2157 1133 2205 de
1164 2156 1447 2217 Theophane
1475 2161 1545 2204 in·

279 2238 509 2285 ter-prete,
555 2233 604 2270 et
633 2225 747 2282 disp.
783 2227 836 2270 11.
864 2224 1172 2282 respondente
1199 2224 1234 2268 I.
1273 2226 1315 2272 C.
1340 2225 1390 2271 G.
1414 2225 1546 2270 Prae-

279 2292 471 2347 dicouio‚
503 2293 726 2351 adpendix
748 2301 859 2351 part.
881 2294 917 2339 Ι.
950 2293 1007 2336 de
1041 2291 1184 2337 studio
1216 2291 1547 2354 allegoriarum,

282 2364 522 2421 praecipuo
576 2362 719 2405 rectae
763 2362 1147 2418 interpretationis
1199 2362 1546 2419 impedimento·

282 2431 594 2492 Wittebergae
622 2441 764 2488 1792.
781 2443 828 2488 4.
854 2438 904 2476 et
930 2428 1152 2490 Mongitor
1185 2429 1232 2476 in
1266 2428 1373 2479 bibl.
1406 2428 1547 2475 Sicula

1433 2507 1562 2546 tom..
