1640 3030
268 222 714 311 CONSTANTJNVS
744 240 1226 293 HARMENOPVLVS.
1296 256 1389 305 541
1438 274 1443 281 .

135 369 371 440 «πρέχειξον
402 373 548 418 ansam
576 372 654 418 fibi
691 367 936 432 praebuisse
975 374 1206 417 fateretur.
1241 393 1301 404 —-
1338 366 1398 428 2)

135 444 346 500 Epitome
384 443 645 486 diuinorum
675 452 723 487 et
745 442 966 486 sacrorum
985 452 1206 484 canonum
1237 459 1304 470 —-
1345 438 1397 497 3)

137 511 194 555 de
218 511 506 568 opinionibus
532 508 861 555 haereticorum
876 540 888 562 ,
919 509 993 566 qui
1016 504 1192 566 singtilis
1213 513 1397 564 tempo-

135 579 257 622 ribus
292 576 570 623 exstiterunt.
603 601 669 611 —
701 578 752 635 4)
777 578 832 622 de
855 575 944 620 fide
965 575 1303 620 orthodoxa—
1342 574 1395 632 ς)

134 653 286 691 tomus
316 654 474 691 contra
507 645 778 706 Gregorium
801 643 1034 689 Palamam.
1066 668 1122 677 -
1163 643 1216 698 6)
1243 644 1397 688 Dona-

14 719 17 768 ξ
95 729 98 737 ·
132 711 491 768 tioconstantini
514 715 575 757 M.
598 711 804 758 Siluestro
826 714 981 770 Papae,
1026 718 1076 756 vt
1098 711 1237 767 aiunt,
1271 709 1398 777 fasta)

134 783 188 824 ab
225 779 568 838 Harmenopulo
595 796 757 842 graece
776 781 898 825 versa
923 811 935 833 ,
964 794 1095 837 quam
1118 794 1171 823 ex
1201 779 1303 823 cod.
1326 792 1399 838 gr.

133 849 263 908 regio
297 846 518 892 Parifienfi
550 863 710 907 graece
745 845 1114 909 ettlatsvulgauit
1133 844 1213 899 Iul.
1241 845 1400 901 Caeyar

132 912 361 974 Bulengem
377 915 435 959 de
457 915 733 972 imperiolib.
762 916 813 959 11.
839 930 929 972 cap.
951 922 1056 960 2.et
1079 929 1132 958 ex
1157 928 1213 957 eo
1234 913 1400 959 recud‘i

130 982 242 1028 fecit
264 977 433 1027 Fabric.
455 983 503 1026 in
524 984 571 1027 B.
598 981 674 1028 Gr.
695 981 786 1028 vol.
806 984 879 1025 VI.
894 995 995 1040 pag.
1025 995 1067 1037 5.
1092 980 1157 1038 sq.
1183 983 1400 1038 quiprae-

132 1057 206 1095 ter
229 1063 282 1094 ea
315 1047 373 1093 de
406 1047 480 1093 illa
513 1057 561 1094 et
594 1048 676 1094 lite
696 1049 802 1093 inde
823 1057 924 1092 orta
948 1062 1048 1108 pag.
1066 1062 1113 1105 4.
1136 1047 1199 1105 sq.
1230 1046 1399 1094 multus

132 1115 209 1161 est.
278 1116 421 1162 Adde.
446 1115 612 1158 Iriarti
632 1115 753 1162 catal.
777 1116 910 1162 codd.
934 1130 999 1174 gr.
1025 1115 1193 1159 Matrit.
1216 1131 1257 1172 p.
1280 1129 1397 1175 349,

133 1183 229 1242 sqq.
263 1191 312 1229 et
342 1181 511 1227 Kollar.
542 1182 597 1227 ad
629 1184 853 1227 Lambecii
888 1196 1051 1228 comm.
1078 1180 1263 1233 de-bibl.
1285 1178 1398 1228 Vin'-
1452 1222 1455 1223 γ

132 1251 242 1298 dob.
265 1258 377 1315 tom.
399 1247 476 1296 VI.
499 1265 601 1310 pag.
626 1261 707 1308 77.

230 1374 279 1421 4.
314 1361 369 1406 In
413 1358 546 1410 codd.
574 1361 771 1408 Vi'ndob.
807 1360 933 1420 plura
967 1370 1211 1409 occurrunt
1238 1360 1396 1409 Const-

132 1431 464 1487 Harmenopuli
490 1431 678 1488 scripta,
711 1440 760 1475 et
778 1431 1059 1482 Lambecius,
1092 1433 1138 1475 in
1157 1433 1394 1477 comrade

133 1495 241 1542 bibl.
265 1496 475 1543 Caesarea
496 1497 583 1543 vol.
603 1499 659 1543 V.
683 1506 730 1543 et
747 1499 822 1543 Vr,
843 1495 991 1556 paffim
1004 1507 1137 1556 atque
1159 1500 1394 1544 interdum

132 1562 354 1610 Kollariu's
387 1568 433 1609 in
468 1567 618 1619 notis,
652 1563 782 1610 multi
813 1565 914 1611 sunt
950 1566 1006 1610 de
1046 1566 1396 1627 Harmenopulo

126 1634 317 1691 *eiusque
354 1635 566 1692 operibus
601 1655 669 1665 —
734 1632 966 1677 Editiones
1003 1642 1154 1679 autem
1184 1635 1287 1679 sunt
1307 1635 1394 1679 hae

130 1704 242 1744 fere.
278 1731 330 1739 —
395 1703 601 1758 Epitome
634 1700 742 1743 iuris
773 1699 910 1754 ciuilis
945 1709 1030 1746 etc.
1056 1717 1158 1745 cura
1178 1710 1225 1746 et
1247 1701 1394 1746 studio

138 1763 392 1809 Theodorici
414 1763 626 1810 Adamaei
636 1762 955 1826 Suallembergi.
990 1770 1105 1824 Par-is
1120 1769 1395 1826 ¹apudChri-

132 1833 259 1881 stian.
287 1831 482 1879 Wechel
519 1847 661 1892 ¹540·
693 1848 738 1890 4.
785 1857 842 1866 -
877 1843 977 1879 tum
1014 1850 1080 1894 gr2
1112 1845 1160 1881 et
1189 1835 1264 1881 lat.
1291 1851 1396 1882 cum

131 1901 322 1945 Merceri
342 1905 384 1955 *)
411 1899 613 1946 versione
636 1909 684 1947 et
710 1899 885 1946 scholiis
916 1912 1054 1960 atque
1077 1903 1292 1961 paratitlis
1314 1906 1396 1949 Di·

8 1931 10 2000 :
64 2017 69 2020 ,
132 1967 275 2028 onysii
301 1968 574 2014 Gothofredi
606 1967 662 2013 ad
701 1966 896 2028 singulos
931 1969 1085 2014 Const.
1107 1974 1395 2029 Harmenop.

131 2035 317 2092 titulos,
363 2051 463 2082 cum
492 2035 646 2080 libello
677 2037 895 2080 variarum
925 2035 1168 2095 letstionum
1202 2054 1255 2083 ex
1291 2038 1393 2088 cod.

133 2111 254 2150 msto
292 2105 376 2148 Iac.
409 2103 574 2158 Leffii,
609 2110 657 2148 et
682 2103 1023 2149 nomenclatore
1046 2112 1303 2165 graecarum
1324 2107 1392 2151 di-

134 2170 337 2215 &ionum
363 2171 492 2223 iuris,
528 2171 584 2215 ad
608 2169 818 2215 eumdem
847 2172 1250 2231 Harmenopulum.
1287 2174 1395 2229 (Ge-

132 2242 309 2290 neuae)
333 2254 399 2296 ap.
425 2237 545 2285 Guil.
570 2240 845 2283 Laetnarium
874 2247 1014 2296 1587.
1042 2255 1086 2296 4.
1111 2241 1253 2286 editio
1279 2257 1404 2287 rara.-

150 2330 195 2341 -
230 2306 440 2364 Epitome
462 2316 550 2354 etc.
572 2321 671 2351 cum
692 2305 866 2351 scholiis
882 2305 1084 2363 Citrenfis
1098 2306 1164 2358 ,rc-3
1186 2307 1408 2375 Kirfoucs

1342 2386 1393 2424 et

194 2505 230 2551 ἰ)
259 2502 426 2543 Merceri
457 2506 580 2547 verfio
609 2508 755 2553 prodiit
779 2509 944 2558 primum
964 2509 1085 2560 Lugd.
1117 2505 1240 2559 1656.
1260 2519 1299 2560 4.
1323 2511 1393 2550 de-

243 2562 336 2600 inde
360 2565 582 2602 Lausannae
619 2569 737 2614 1580.
765 2569 802 2611 3.
826 2568 874 2603 de
898 2566 980 2603 aliis
1003 2565 1242 2607 versionibus
1262 2570 1329 2605 latz
1353 2576 1395 2607 εἶ

243 2630 364 2668 germ.
390 2633 427 2660 v·
448 2620 590 2661 Fabric.
612 2624 655 2660 B·
682 2625 749 2661 Gr.
764 2626 817 2664 X.
840 2634 926 2673 pag.
953 2630 1052 2671 275.
