1640 3030
125 238 164 248 Q

642 238 967 311 HrsrcmVS.
1339 268 1439 330 353.

168 387 396 447 Hesychio
421 388 639 448 professas
660 386 774 444 effe,
810 389 886 434 sed
910 404 932 432 a
959 386 1210 434 Christianis
1224 393 1277 434 ex
1291 390 1438 450 Cyrila

166 454 214 504 lo
235 458 415 515 aliisque
437 454 760 519 gloffographis
786 458 927 510 sacris,
965 459 1121 515 quibus
1135 457 1307 516 semper
1324 475 1435 504 con-

165 528 332 570 formes
354 522 440 569 effe
469 527 693 580 videntur,
730 526 968 582 descriptas
994 534 1042 571 et
1064 527 1109 569 in
1132 529 1334 587 margine
1358 528 1436 583 ad-

165 593 314 647 iectas,
351 608 511 651 easque
533 593 682 651 postea
702 595 748 637 in
772 592 1103 652 quamplurimis
1133 593 1242 638 locis
1255 594 1370 639 male
1383 603 1434 641 et

165 670 324 706 contra
347 663 557 706 ordinem
579 662 782 714 insertas,
811 663 856 704 in
885 663 1164 718 paucioribus
1187 661 1299 707 locis
1322 679 1434 707 con-

163 733 418 774 uenienter.
483 730 605 774 Hinc
625 730 758 773 varias
780 729 991 787 Hesychii
1020 725 1177 787 gloffas
1211 745 1264 773 ex
1289 731 1436 789 Cyril-

163 794 211 848 li,
249 796 463 853 Stephani
491 806 539 841 et
562 797 801 841 Theodori
821 796 1099 853 aliorumque
1122 793 1335 855 glossariis
1370 799 1435 842 bi·

163 862 302 914 blicis,
337 865 498 908 iatricis
513 879 695 921 quoque
720 873 768 907 et
794 863 1011 907 botanicis
1037 861 1184 923 glossis
1207 867 1351 908 msstis
1362 857 1435 910 rei·

161 928 302 973 stituit
357 939 492 986 atque
536 929 779 973 illustrauit.
832 954 892 962 —-
986 929 1225 984 Valkenaezff
1271 933 1438 978 adiecit

159 995 304 1040 Fuluii
325 993 468 1039 Vrsini
492 995 681 1054 Virgilio
705 993 971 1053 *collatione*
1003 997 1273 1053 scriptorum
1309 1015 1437 1059 grae-

159 1075 319 1107 corum
339 1062 587 1119 illustratio,
625 1065 671 1106 in
703 1061 836 1115 calce,
876 1063 1139 1109 schediasma
1170 1065 1227 1108 de
1253 1066 1438 1123 epistola

157 1130 215 1175 ad
237 1129 503 1190 Eulogium,
540 1129 770 1187 Hesychio
796 1128 986 1188 praefixa
1012 1134 1252 1189 operisque
1281 1135 1439 1178 inscri-

159 1197 336 1256 ptione.
405 1200 444 1241 Is
485 1213 583 1258 pag.
623 1212 711 1253 150
741 1199 1003 1250 contendit,
1035 1198 1179 1242 lexico
1220 1201 1439 1259 Hesychii

159 1263 444 1322 splendidum
466 1265 591 1309 illum
613 1264 818 1309 titulum
854 1273 906 1311 λε
909 1261 956 1328 ξέ
960 1283 1012 1310 ων
1044 1283 1201 1331 'namu
1240 1287 1302 1314 συ
1304 1286 1439 1325 oasa)-

158 1349 242 1402 Ὺην
267 1325 396 1378 narei
420 1331 618 1408 ςὀιχεῗον,
654 1334 700 1379 ἐκ
726 1352 809 1379 των
833 1327 934 1395 Α’ξις
937 1350 968 1378 ει
954 1349 1067 1395 ξχες
1088 1350 1162 1390 κᾳγ
1197 1335 1436 1384 Αππίωνος

158 1416 237 1458 χρη
269 1392 526 1463 Ηλιοὸωξε,
567 1396 764 1461 Ησυχίε
793 1397 1097 1462 Ὑςοιμμοιτικέ
1118 1395 1288 1464 Αλεξα
1295 1393 1438 1466 deseos,

158 1468 305 1512 minus
329 1474 576 1511 conuenire
611 1483 760 1526 operis
792 1469 1024 1527 dignitati,
1071 1484 1155 1512 nec
1189 1481 1307 1512 iecte
1342 1470 1438 1530 legi

161 1532 434 1592 praefixum:
474 1551 574 1594 pag.
612 1549 715 1592 154.
739 1536 911 1579 accedit
945 1535 1195 1579 sententiae
1230 1538 1436 1593 Bentleii,

155 1603 209 1646 in
233 1600 416 1658 epistola
439 1605 493 1646 ad
519 1601 708 1645 Bielium
734 1602 1068 1659 pronuntiatae,
1104 1599 1289 1662 glossas,
1326 1622 1433 1662 qua-s

157 1669 366 1713 &ocamus
390 1670 542 1722 sacraS‚
579 1684 692 1712 aeuo
719 1664 843 1710 fuisse
866 1670 1117 1721 recentiori
1141 1671 1434 1724 Hessfchianis

155 1735 445 1793 intersertas,
483 1751 630 1793 neque
670 1750 804 1781 vnum
837 1734 1031 1791 aliquem
1069 1737 1126 1779 de
1165 1739 1305 1781 tribus
1345 1739 1433 1784 istis

150 1801 334 1849 'lexicon
367 1799 649 1848 concinnasse
681 1802 960 1846 homericum
994 1803 1047 1845 ad
1084 1802 1335 1849 litterarum
1367 1808 1432 1851 se-

150 1871 273 1916 ¹¹riem
288 1870 519 1930 digestum.
554 1870 787 1928 Postquam
809 1886 873 1923 ea,
909 1885 1021 1927 quae
1047 1870 1153 1914 salso
1181 1873 1431 1932 inepteque

146 1938 272 1983 dista
293 1939 505 1984 videntur
526 1946 549 1982 a
570 1939 786 1996 scriptore
801 1936 1026 1995 epistolae,
1064 1951 1159 1982 erat
1181 1941 1430 1999 persequu-

152 2014 259 2057 -tus⁵
291 2014 339 2050 et
367 2007 425 2050 de
465 2006 614 2051 lexicis
654 2006 916 2064 quibusdam
946 2007 1138 2063 antiquis
1170 2016 1219 2051 et
1250 2009 1305 2052 de
1335 2012 1431 2054 He-

148 2073 372 2130 -sychiano
433 2075 565 2118 doste
628 2071 915 2118 disseruerat:
988 2071 1214 2119 conclusit·
1272 2076 1433 2133 episto.

155 2140 253 2186 lam
287 2142 342 2184 ad
387 2140 627 2202 Eulogium
677 2157 701 2186 a
748 2139 966 2185 Graeculo
1008 2143 1253 2185 recentiori
1303 2159 1430 2200 prae-

146 2206 312 2265 fixam,
370 2217 420 2254 vt
457 2208 620 2254 librum
655 2207 816 2253 nullius
859 2210 1081 2251 momenti
1113 2207 1427 2256 accessionibus

157 2291 184 2321 a
217 2277 261 2321 se
293 2277 484 2321 ditatum
522 2276 761 2335 splendidis
786 2276 1026 2320 mendaciis
1059 2273 1429 2333 commendaret3

158 2352 294 2401 atque
318 2345 432 2388 adeo
466 2344 743 2403 existimauig
764 2340 1030 2402 Hessshz'um‚
1067 2342 1155 2387 fiue
1179 2345 1429 2391 vetusillud

161 2418 211 2455 et
244 2412 298 2454 ad
334 2411 658 2469 adipiscendam
683 2413 985 2457 eruditionem
1008 2413 1328 2472 ingeniumque
1355 2430 1431 2459 ex-

161 2479 406 2522 ercendum
426 2479 695 2525 Vtilissimum
720 2477 1076 2534 instrumentum,
1113 2479 1189 2523 ista
1215 2481 1269 2524 ad
1297 2482 1430 2525 Eulo-

160 2546 289 2607 gium
310 2545 493 2606 epistola
515 2550 824 2597 contaminari.
859 2570 935 2595 --·¹
991 2548 1162 2596 Contra
1180 2548 1237 2594 cl.
1276 2547 1430 2616 Ιζίίίοὶ-

752 2617 789 2664 Ζ
822 2628 849 2660 2
1270 2614 1425 2676 som'us
