1640 3030
610 255 922 321 ,mmmm
994 240 1002 252 ‘
1309 252 1403 318 327

143 382 331 428 bricium
351 389 428 429 aut
447 382 506 429 W
509 380 790 429 olfium‘non
826 381 965 427 vbiuis
995 395 1145 427 veram
1173 381 1273 426 eod.
1310 385 1400 426 Au-

143 450 313 511 gustani
333 449 576 497 iefflonem
610 445 968 510 repraesentasse,
1002 447 1037 492 I.
1068 445 1261 492 Mahael
1289 448 1401 492 Heu-

131 517 331 578 st'ngerus
361 519 523 577 docet,
579 521 691 565 veris
736 519 899 563 codicis
931 516 1219 571 leffionibus,
1264 518 1398 562 etiam

143 587 317 630 mendis
353 588 563 640 redditis,
615 588 664 631 in
698 587 816 633 Aeiis
849 586 1080 631 societatis
1112 586 1287 630 lenens,
1319 583 1397 630 lat.

143 652 246 698 Vol.
266 655 299 698 Ι.
321 669 418 712 pag.
442 656 520 713 48.
542 654 633 712 sqq.
667 680 729 689 --
768 690 774 697 .
796 651 829 699 Ι.
853 651 909 699 H.
932 651 1083 694 Maius
1108 653 1158 698 in
1176 650 1415 712 „catalogo

140 721 277 766 codd.
301 717 754 766 Vffenbachianorum
786 736 885 781 pag.
911 720 1024 777 586.
1053 721 1100 764 in
1123 720 1275 778 primis
1298 734 1397 780 pag.

132 794 238 846 5'90
259 788 355 845 sqq.
382 804 435 833 ex
455 788 714 849 apographo
747 789 890 833 edidit
919 796 1010 833 tres
1040 790 1265 834 orationes
1294 801 1399 847 cuum

135 852 342 899 versione
374 855 445 901 sua
475 864 522 901 et
554 858 697 907 notis;
732 863 777 902 at
810 862 984 901 textum
1013 870 1081 913 gr.
1119 857 1195 913 qui
1218 868 1271 898 ex
1293 870 1398 912 apo÷

137 920 313 981 graqho
338 922 582 982 apographi
608 923 775 968 sumtus
801 921 892 980 est,
929 921 1068 967 multa
1102 922 1263 966 menda
1295 920 1397 965 insit·

128 988 275 1040 'dent5
298 991 436 1047 atqui
467 988 552 1033 nec
584 987 726 1034 versio
763 1003 848 1033 nec
877 998 1016 1034 notae
1047 991 1261 1045 probatae
1293 988 1403 1034 sunt

135 1054 466 1110 Wernsdorfio.
522 1080 590 1090 —-
672 1056 798 1102 Idem
839 1055 992 1098 Maius
1031 1061 1160 1101 antea
1193 1056 1399 1101 ediderat

133 1123 330 1169 Himerii
355 1124 751 1179 Panathenaicum‚
785 1139 970 1186 graece,
1006 1138 1107 1168 cum
1132 1124 1396 1182 quibusdam

38 1213 41 1217 ⁴
133 1205 189 1235 ex
209 1190 472 1252 anthologia
493 1193 663 1237 inedita
683 1208 750 1253 gr.
781 1193 1186 1252 epigrammatibuS,
1222 1187 1394 1236 Giessao

141 1271 283 1318 1719·
319 1265 360 1311 8.
391 1262 510 1312 conf.
539 1255 670 1307 Fabr.
701 1262 748 1305 B.
782 1261 858 1305 Gr.
891 1265 1003 1305 tom.
1031 1259 1147 1303 XIV.
1177 1273 1278 1318 pag.
1317 1272 1395 1318 13.

133 1327 278 1376 Quam
300 1327 554 1372 orationem
573 1328 798 1387 integram
829 1325 917 1371 siue
941 1323 1310 1385 Epithalamium,
1342 1327 1392 1372 in

131 1394 307 1451 nuptias
336 1395 515 1452 Seueri,
549 1392 690 1453 (apud
721 1395 932 1441 Photium
964 1395 1011 1438 in
1048 1391 1255 1440 Biblioth.
1288 1393 1392 1440 cod.

133 1471 248 1520 243.
273 1476 372 1522 pag.
395 1470 539 1508 2006.
567 1461 729 1519 2014)
764 1463 811 1505 in
845 1460 1116 1507 bibliotheca
1140 1459 1393 1522 Augustana

65 1523 68 1526 ’
129 1526 313 1582 exstare,
350 1534 398 1574 et
421 1544 474 1573 ex
498 1527 621 1573 Eiiae
644 1529 856 1589 Ehingeri
880 1529 1172 1606 apographo
1161 1544 1207 1573 m
1226 1527 1391 1573 Biblio-

129 1594 198 1641 th.
229 1596 426 1641 vindob
461 1595 629 1654 scripsit
656 1591 880 1639 Fabricius
912 1598 958 1639 in
996 1598 1041 1640 B.
1075 1597 1150 1643 Gr.
1183 1594 1284 1642 Vol
1308 1597 1389 1644 IV

127 1677 230 1722 pag.
252 1675 366 1719 415.
403 1661 499 1719 (vbi
525 1663 583 1706 de
607 1664 814 1706 Himerio
841 1664 1015 1707 vberius
1036 1664 1267 1722 disputat‚)
1289 1677 1388 1707 earn

126 1730 296 1787 pariter
302 1728 581 1788 descriptam
603 1726 842 1790 Ehingerus
867 1744 1049 1787 quoque
1084 1730 1137 1773 ad
1171 1728 1387 1790 Koenigiq

123 1811 222 1850 um,
252 1793 551 1842 Professorem
571 1796 798 1855 quondam
823 1795 1139 1849 Astdmfinum,
1159 1797 1235 1855 qui
1270 1810 1385 1841 mar-

125 1864 223 1925 gini
244 1865 452 1922 quasdam
476 1862 699 1922 adscripsit
718 1863 1006 1915 coniectura&
1041 1865 1231 1918 miserat,
1248 1874 1384 1922 atque

124 1927 215 1992 ego
252 1930 470 1977 beneficio
485 1931 804 1978 Dietelmaierii
820 1934 937 1976 Prof.
964 1939 1014 1986 et
1032 1931 1262 1991 Theologi
1285 1930 1384 1978 Alt-

123 1996 291 2043 dorfini
313 2001 539 2057 quondam
560 1998 639 2044 cel.
668 2015 787 2044 nunc
812 2003 930 2045 inter
954 2014 1070 2044 meas
1093 1999 1268 2044 schedas
1294 1999 1382 2043 ser-

26 2099 33 2104 ·
121 2080 201 2111 uo·
264 2069 358 2111 Nec
378 2067 603 2128 ingratum
626 2070 722 2112 fore
738 2066 976 2112 letioribus
999 2069 1206 2119 arbitror,
1239 2081 1381 2125 quan-

121 2134 184 2177 do
213 2131 335 2177 Eliae
356 2133 565 2195 Ehingeri
591 2133 816 2193 epistolam
840 2135 894 2178 ad
924 2135 1192 2194 Koenigium
1228 2134 1298 2177 hic
1322 2135 1377 2176 ab

119 2201 310 2246 interitu
332 2202 574 2247 vindicaro.
639 2200 761 2259 „Leo
783 2200 1002 2255 ‘'Allatius,
1039 2201 1173 2246 Chius
1191 2235 1202 2252 ,
1232 2202 1378 2245 natio-

123 2282 214 2324 „ne
246 2270 460 2323 Graecus,
505 2284 606 2314 cum
633 2277 737 2315 ante
775 2268 947 2328 aliquot
975 2284 1114 2313 annos
1137 2267 1376 2313 bibliothe-

123 2350 251 2396 „cam
274 2337 691 2398 Heidelbergensem
714 2338 839 2383 MSC.
873 2351 926 2381 ex
950 2332 1156 2394 permissu
1177 2336 1374 2381 Maximi-

123 2400 275 2465 „liani,
311 2405 500 2449 Bauarici
524 2406 661 2462 ducis,
690 2403 840 2462 postea
865 2403 1084 2455 electoris,
1117 2403 1262 2448 secum
1284 2406 1373 2448 Ro*

123 2483 273 2527 „mam
293 2475 566 2525 transferret,
603 2475 650 2516 in
670 2473 832 2517 itinere
853 2471 1090 2532 Augustam
1113 2473 1252 2525 venit,
1276 2471 1372 2527 spe·

123 2535 319 2599 „statum
341 2540 472 2587 codd.
499 2541 615 2588 MSS.
641 2555 852 2602 graecos,
883 2547 931 2587 et
955 2541 1003 2584 in
1031 2541 1091 2602 iis-
1104 2541 1238 2588 etiam
1260 2538 1372 2582 vidit

739 2609 779 2655 X
811 2621 846 2668 4
1198 2605 1374 2662 ‚,Hime·
1399 2667 1401 2669 ι
