<?xml version="1.0" encoding="UTF-8"?>
<!DOCTYPE html PUBLIC "-//W3C//DTD XHTML 1.0 Transitional//EN"
    "http://www.w3.org/TR/xhtml1/DTD/xhtml1-transitional.dtd">
<html xmlns="http://www.w3.org/1999/xhtml" xml:lang="en" lang="en">
 <head>
  <title>
</title>
<meta http-equiv="Content-Type" content="text/html;charset=utf-8" />
  <meta name='ocr-system' content='tesseract 3.04.00' />
  <meta name='ocr-capabilities' content='ocr_page ocr_carea ocr_par ocr_line ocrx_word'/>
</head>
<body>
  <div class='ocr_page' id='page_1' title='image "./p1theophilichristo02harluoft_0097.png"; bbox 0 0 1727 3005; ppageno 0'>
   <div class='ocr_carea' id='block_1_1' title="bbox 0 530 25 2549">
    <p class='ocr_par' dir='ltr' id='par_1_1' title="bbox 0 530 25 2549">
     <span class='ocr_line' id='line_1_1' title="bbox 0 530 25 2549; baseline 0 0"><span class='ocrx_word' id='word_1_1' title='bbox 0 530 25 2549; x_wconf 95' lang='lat' dir='ltr'> </span> 
     </span>
    </p>
   </div>
   <div class='ocr_carea' id='block_1_2' title="bbox 646 247 1462 312">
    <p class='ocr_par' dir='ltr' id='par_1_2' title="bbox 646 247 1462 312">
     <span class='ocr_line' id='line_1_2' title="bbox 646 247 1462 312; baseline 0.001 -17"><span class='ocrx_word' id='word_1_2' title='bbox 646 247 1030 297; x_wconf 77' lang='lat' dir='ltr'><em>PLVTARCHVS.</em></span> <span class='ocrx_word' id='word_1_3' title='bbox 1403 260 1462 312; x_wconf 77' lang='lat'>85</span> 
     </span>
    </p>
   </div>
   <div class='ocr_carea' id='block_1_3' title="bbox 141 374 1509 1973">
    <p class='ocr_par' dir='ltr' id='par_1_3' title="bbox 141 374 1509 1500">
     <span class='ocr_line' id='line_1_3' title="bbox 206 374 1462 437; baseline 0.002 -18"><span class='ocrx_word' id='word_1_4' title='bbox 206 375 338 419; x_wconf 71' lang='lat' dir='ltr'>Dem&#39;s</span> <span class='ocrx_word' id='word_1_5' title='bbox 358 374 388 422; x_wconf 73' lang='lat' dir='ltr'>l.</span> <span class='ocrx_word' id='word_1_6' title='bbox 420 392 459 420; x_wconf 46' lang='lat' dir='ltr'>ci</span> <span class='ocrx_word' id='word_1_7' title='bbox 488 391 589 437; x_wconf 84' lang='lat' dir='ltr'>pag.</span> <span class='ocrx_word' id='word_1_8' title='bbox 629 376 742 432; x_wconf 86' lang='lat'>641.</span> <span class='ocrx_word' id='word_1_9' title='bbox 777 394 832 404; x_wconf 91' lang='grc'><strong>-</strong></span> <span class='ocrx_word' id='word_1_10' title='bbox 898 374 1013 423; x_wconf 79' lang='lat' dir='ltr'>Plut.</span> <span class='ocrx_word' id='word_1_11' title='bbox 1037 383 1266 435; x_wconf 85' lang='lat' dir='ltr'>praecepta</span> <span class='ocrx_word' id='word_1_12' title='bbox 1289 392 1462 422; x_wconf 87' lang='lat' dir='ltr'>connu-</span> 
     </span>
     <span class='ocr_line' id='line_1_4' title="bbox 207 442 1459 505; baseline 0.002 -18"><span class='ocrx_word' id='word_1_13' title='bbox 207 444 335 497; x_wconf 86' lang='lat' dir='ltr'>balia,</span> <span class='ocrx_word' id='word_1_14' title='bbox 369 445 620 501; x_wconf 71' lang='lat' dir='ltr'>interprete</span> <span class='ocrx_word' id='word_1_15' title='bbox 654 443 800 487; x_wconf 78' lang='lat' dir='ltr'>Carolo</span> <span class='ocrx_word' id='word_1_16' title='bbox 828 442 1021 505; x_wconf 50' lang='lat' dir='ltr'>Vassulio</span> <span class='ocrx_word' id='word_1_17' title='bbox 1042 444 1265 491; x_wconf 75' lang='lat' dir='ltr'>Brixiam.</span> <span class='ocrx_word' id='word_1_18' title='bbox 1289 447 1459 490; x_wconf 79' lang='lat' dir='ltr'>Brixiae</span> 
     </span>
     <span class='ocr_line' id='line_1_5' title="bbox 204 510 1457 571; baseline 0.003 -17"><span class='ocrx_word' id='word_1_19' title='bbox 204 526 285 568; x_wconf 88' lang='lat' dir='ltr'>per</span> <span class='ocrx_word' id='word_1_20' title='bbox 310 513 627 555; x_wconf 88' lang='lat' dir='ltr'>Bernardinum</span> <span class='ocrx_word' id='word_1_21' title='bbox 645 510 878 557; x_wconf 72' lang='lat' dir='ltr'>mifintam.</span> <span class='ocrx_word' id='word_1_22' title='bbox 914 525 1053 571; x_wconf 88' lang='lat'>1497.</span> <span class='ocrx_word' id='word_1_23' title='bbox 1076 514 1123 570; x_wconf 36' lang='lat'>4,</span> <span class='ocrx_word' id='word_1_24' title='bbox 1140 529 1180 558; x_wconf 78' lang='lat' dir='ltr'>v.</span> <span class='ocrx_word' id='word_1_25' title='bbox 1203 511 1336 555; x_wconf 63' lang='lat' dir='ltr'>Dents</span> <span class='ocrx_word' id='word_1_26' title='bbox 1359 512 1388 558; x_wconf 67' lang='lat' dir='ltr'>l.</span> <span class='ocrx_word' id='word_1_27' title='bbox 1417 530 1457 558; x_wconf 86' lang='lat' dir='ltr'>e.</span> 
     </span>
     <span class='ocr_line' id='line_1_6' title="bbox 204 577 1461 640; baseline 0.003 -19"><span class='ocrx_word' id='word_1_28' title='bbox 204 594 300 638; x_wconf 86' lang='lat' dir='ltr'>pag.</span> <span class='ocrx_word' id='word_1_29' title='bbox 320 592 412 637; x_wconf 81' lang='lat'>709</span> <span class='ocrx_word' id='word_1_30' title='bbox 427 604 485 612; x_wconf 83' lang='lat'>--</span> <span class='ocrx_word' id='word_1_31' title='bbox 505 577 621 623; x_wconf 83' lang='lat' dir='ltr'>Plut.</span> <span class='ocrx_word' id='word_1_32' title='bbox 633 579 949 638; x_wconf 82' lang='lat' dir='ltr'>apophthegm.</span> <span class='ocrx_word' id='word_1_33' title='bbox 964 595 988 622; x_wconf 90' lang='lat' dir='ltr'>e</span> <span class='ocrx_word' id='word_1_34' title='bbox 1002 596 1160 640; x_wconf 85' lang='lat' dir='ltr'>graeco</span> <span class='ocrx_word' id='word_1_35' title='bbox 1174 582 1221 624; x_wconf 92' lang='lat' dir='ltr'>in</span> <span class='ocrx_word' id='word_1_36' title='bbox 1243 578 1319 625; x_wconf 86' lang='lat' dir='ltr'>lat.</span> <span class='ocrx_word' id='word_1_37' title='bbox 1336 581 1461 625; x_wconf 86' lang='lat' dir='ltr'>versa</span> 
     </span>
     <span class='ocr_line' id='line_1_7' title="bbox 202 644 1462 704; baseline 0.003 -15"><span class='ocrx_word' id='word_1_38' title='bbox 202 661 227 689; x_wconf 89' lang='lat' dir='ltr'>a</span> <span class='ocrx_word' id='word_1_39' title='bbox 250 650 400 691; x_wconf 85' lang='lat' dir='ltr'>Franc.</span> <span class='ocrx_word' id='word_1_40' title='bbox 423 644 669 702; x_wconf 88' lang='lat' dir='ltr'>Philelpho‚</span> <span class='ocrx_word' id='word_1_41' title='bbox 695 647 1017 701; x_wconf 80' lang='lat' dir='ltr'>(Dauentriae‚)</span> <span class='ocrx_word' id='word_1_42' title='bbox 1043 663 1121 704; x_wconf 88' lang='lat' dir='ltr'>per</span> <span class='ocrx_word' id='word_1_43' title='bbox 1144 647 1266 693; x_wconf 87' lang='lat' dir='ltr'>Rich.</span> <span class='ocrx_word' id='word_1_44' title='bbox 1277 647 1462 693; x_wconf 86' lang='lat' dir='ltr'>Pafraet.</span> 
     </span>
     <span class='ocr_line' id='line_1_8' title="bbox 208 711 1462 771; baseline 0.006 -19"><span class='ocrx_word' id='word_1_45' title='bbox 208 726 348 771; x_wconf 84' lang='lat'>1499,</span> <span class='ocrx_word' id='word_1_46' title='bbox 368 727 402 770; x_wconf 96' lang='lat'><em>4</em></span> <span class='ocrx_word' id='word_1_47' title='bbox 421 729 462 758; x_wconf 76' lang='grc' dir='ltr'>ν,</span> <span class='ocrx_word' id='word_1_48' title='bbox 483 711 629 759; x_wconf 80' lang='lat' dir='ltr'><em>Denis.</em></span> <span class='ocrx_word' id='word_1_49' title='bbox 652 728 750 770; x_wconf 87' lang='lat' dir='ltr'>pag.</span> <span class='ocrx_word' id='word_1_50' title='bbox 761 726 854 769; x_wconf 87' lang='lat'>472</span> <span class='ocrx_word' id='word_1_51' title='bbox 889 732 944 741; x_wconf 90' lang='lat'><em>-</em></span> <span class='ocrx_word' id='word_1_52' title='bbox 1014 714 1230 770; x_wconf 84' lang='lat' dir='ltr'>opuscula</span> <span class='ocrx_word' id='word_1_53' title='bbox 1244 714 1462 760; x_wconf 80' lang='lat' dir='ltr'>Plutarchi</span> 
     </span>
     <span class='ocr_line' id='line_1_9' title="bbox 157 778 1462 840; baseline 0.004 -18"><span class='ocrx_word' id='word_1_54' title='bbox 157 815 160 818; x_wconf 84' lang='lat'>.</span> <span class='ocrx_word' id='word_1_55' title='bbox 198 794 344 837; x_wconf 84' lang='lat' dir='ltr'>nuper</span> <span class='ocrx_word' id='word_1_56' title='bbox 376 778 588 833; x_wconf 63' lang='lat' dir='ltr'>traducta,</span> <span class='ocrx_word' id='word_1_57' title='bbox 635 779 808 822; x_wconf 78' lang='lat' dir='ltr'>Erasmo</span> <span class='ocrx_word' id='word_1_58' title='bbox 851 782 1158 825; x_wconf 86' lang='lat' dir='ltr'>Roterodamo</span> <span class='ocrx_word' id='word_1_59' title='bbox 1193 784 1462 840; x_wconf 74' lang='lat' dir='ltr'>interprete.</span> 
     </span>
     <span class='ocr_line' id='line_1_10' title="bbox 198 845 1459 907; baseline 0.003 -18"><span class='ocrx_word' id='word_1_60' title='bbox 198 845 319 892; x_wconf 84' lang='lat' dir='ltr'>Bafil.</span> <span class='ocrx_word' id='word_1_61' title='bbox 343 849 392 891; x_wconf 90' lang='lat' dir='ltr'>in</span> <span class='ocrx_word' id='word_1_62' title='bbox 410 847 590 891; x_wconf 83' lang='lat' dir='ltr'>aedibus</span> <span class='ocrx_word' id='word_1_63' title='bbox 617 849 684 894; x_wconf 81' lang='lat' dir='ltr'>Io.</span> <span class='ocrx_word' id='word_1_64' title='bbox 708 849 931 892; x_wconf 81' lang='lat' dir='ltr'>Frobenii.</span> <span class='ocrx_word' id='word_1_65' title='bbox 966 860 981 890; x_wconf 93' lang='lat'>1</span> <span class='ocrx_word' id='word_1_66' title='bbox 997 862 1019 907; x_wconf 82' lang='lat'>5</span> <span class='ocrx_word' id='word_1_67' title='bbox 1034 861 1107 905; x_wconf 76' lang='lat'>14.</span> <span class='ocrx_word' id='word_1_68' title='bbox 1128 862 1161 905; x_wconf 83' lang='lat'>4</span> <span class='ocrx_word' id='word_1_69' title='bbox 1182 850 1237 893; x_wconf 92' lang='lat' dir='ltr'>de</span> <span class='ocrx_word' id='word_1_70' title='bbox 1259 865 1341 906; x_wconf 89' lang='lat' dir='ltr'>qua</span> <span class='ocrx_word' id='word_1_71' title='bbox 1363 866 1459 894; x_wconf 85' lang='lat' dir='ltr'>rara</span> 
     </span>
     <span class='ocr_line' id='line_1_11' title="bbox 200 914 1509 961; baseline 0.004 -6"><span class='ocrx_word' id='word_1_72' title='bbox 200 914 307 960; x_wconf 84' lang='lat' dir='ltr'>edit.</span> <span class='ocrx_word' id='word_1_73' title='bbox 356 930 399 958; x_wconf 82' lang='lat' dir='ltr'>V.</span> <span class='ocrx_word' id='word_1_74' title='bbox 466 914 709 959; x_wconf 86' lang='lat' dir='ltr'>Schnitzeri</span> <span class='ocrx_word' id='word_1_75' title='bbox 759 917 1006 960; x_wconf 83' lang='lat' dir='ltr'>memorab.</span> <span class='ocrx_word' id='word_1_76' title='bbox 1073 914 1176 959; x_wconf 88' lang='lat' dir='ltr'>bibl.</span> <span class='ocrx_word' id='word_1_77' title='bbox 1228 915 1460 961; x_wconf 88' lang='lat' dir='ltr'>Neostadi-</span> <span class='ocrx_word' id='word_1_78' title='bbox 1507 916 1509 918; x_wconf 66' lang='grc'><strong>’</strong></span> 
     </span>
     <span class='ocr_line' id='line_1_12' title="bbox 199 977 1458 1042; baseline 0.004 -19"><span class='ocrx_word' id='word_1_79' title='bbox 199 978 308 1024; x_wconf 83' lang='lat' dir='ltr'>enfis</span> <span class='ocrx_word' id='word_1_80' title='bbox 334 981 388 1025; x_wconf 91' lang='lat' dir='ltr'>ad</span> <span class='ocrx_word' id='word_1_81' title='bbox 410 977 592 1034; x_wconf 61' lang='lat' dir='ltr'>Adsum,</span> <span class='ocrx_word' id='word_1_82' title='bbox 625 983 778 1040; x_wconf 89' lang='lat' dir='ltr'>partic.</span> <span class='ocrx_word' id='word_1_83' title='bbox 802 982 875 1026; x_wconf 82' lang='lat' dir='ltr'>VI.</span> <span class='ocrx_word' id='word_1_84' title='bbox 900 998 997 1042; x_wconf 81' lang='lat' dir='ltr'>pag.</span> <span class='ocrx_word' id='word_1_85' title='bbox 1019 996 1099 1041; x_wconf 88' lang='lat'>47.</span> <span class='ocrx_word' id='word_1_86' title='bbox 1124 981 1327 1040; x_wconf 87' lang='lat' dir='ltr'>Reliquas</span> <span class='ocrx_word' id='word_1_87' title='bbox 1359 982 1458 1028; x_wconf 85' lang='lat' dir='ltr'>lati-</span> 
     </span>
     <span class='ocr_line' id='line_1_13' title="bbox 141 1047 1458 1107; baseline -0.001 -12"><span class='ocrx_word' id='word_1_88' title='bbox 141 1093 143 1095; x_wconf 77' lang='lat'>.</span> <span class='ocrx_word' id='word_1_89' title='bbox 195 1061 352 1092; x_wconf 83' lang='lat' dir='ltr'>narum</span> <span class='ocrx_word' id='word_1_90' title='bbox 375 1047 627 1093; x_wconf 79' lang='lat' dir='ltr'>versionum</span> <span class='ocrx_word' id='word_1_91' title='bbox 647 1051 869 1096; x_wconf 86' lang='lat' dir='ltr'>editiones</span> <span class='ocrx_word' id='word_1_92' title='bbox 908 1051 1068 1095; x_wconf 84' lang='lat' dir='ltr'>saeculi</span> <span class='ocrx_word' id='word_1_93' title='bbox 1101 1051 1362 1107; x_wconf 85' lang='lat' dir='ltr'>praesertim</span> <span class='ocrx_word' id='word_1_94' title='bbox 1389 1054 1458 1094; x_wconf 84' lang='lat' dir='ltr'>fu·</span> 
     </span>
     <span class='ocr_line' id='line_1_14' title="bbox 195 1116 1457 1175; baseline 0.003 -17"><span class='ocrx_word' id='word_1_95' title='bbox 195 1117 287 1159; x_wconf 86' lang='lat' dir='ltr'>turi</span> <span class='ocrx_word' id='word_1_96' title='bbox 306 1116 360 1159; x_wconf 91' lang='lat' dir='ltr'>ad</span> <span class='ocrx_word' id='word_1_97' title='bbox 384 1118 568 1160; x_wconf 83' lang='lat' dir='ltr'>Fabricii</span> <span class='ocrx_word' id='word_1_98' title='bbox 587 1119 634 1160; x_wconf 89' lang='grc' dir='ltr'>Β.</span> <span class='ocrx_word' id='word_1_99' title='bbox 673 1119 748 1166; x_wconf 84' lang='lat' dir='ltr'>Gr.</span> <span class='ocrx_word' id='word_1_100' title='bbox 779 1134 870 1175; x_wconf 91' lang='lat' dir='ltr'>cap.</span> <span class='ocrx_word' id='word_1_101' title='bbox 895 1119 952 1162; x_wconf 89' lang='lat' dir='ltr'>de</span> <span class='ocrx_word' id='word_1_102' title='bbox 978 1117 1213 1162; x_wconf 83' lang='lat' dir='ltr'>Plutarcho</span> <span class='ocrx_word' id='word_1_103' title='bbox 1245 1119 1457 1163; x_wconf 83' lang='lat' dir='ltr'>adferam.</span> 
     </span>
     <span class='ocr_line' id='line_1_15' title="bbox 195 1183 1456 1239; baseline 0.002 -13"><span class='ocrx_word' id='word_1_104' title='bbox 195 1183 310 1226; x_wconf 87' lang='lat' dir='ltr'>adde</span> <span class='ocrx_word' id='word_1_105' title='bbox 331 1183 605 1229; x_wconf 86' lang='lat' dir='ltr'>Thesaurum</span> <span class='ocrx_word' id='word_1_106' title='bbox 631 1184 1017 1239; x_wconf 80' lang='lat' dir='ltr'>bibliothecalem,</span> <span class='ocrx_word' id='word_1_107' title='bbox 1054 1194 1168 1230; x_wconf 87' lang='lat' dir='ltr'>tom.</span> <span class='ocrx_word' id='word_1_108' title='bbox 1194 1184 1226 1232; x_wconf 92' lang='grc' dir='ltr'>Ι.</span> <span class='ocrx_word' id='word_1_109' title='bbox 1240 1187 1456 1229; x_wconf 83' lang='lat' dir='ltr'>Noriber-</span> 
     </span>
     <span class='ocr_line' id='line_1_16' title="bbox 196 1252 1454 1313; baseline 0.002 -20"><span class='ocrx_word' id='word_1_110' title='bbox 196 1264 277 1308; x_wconf 89' lang='lat' dir='ltr'>gae</span> <span class='ocrx_word' id='word_1_111' title='bbox 305 1258 441 1308; x_wconf 82' lang='lat'>1738.</span> <span class='ocrx_word' id='word_1_112' title='bbox 457 1259 601 1312; x_wconf 84' lang='lat' dir='ltr'>4pag.</span> <span class='ocrx_word' id='word_1_113' title='bbox 632 1253 719 1313; x_wconf 81' lang='lat'>361</span> <span class='ocrx_word' id='word_1_114' title='bbox 755 1254 848 1311; x_wconf 76' lang='lat' dir='ltr'>sqq.</span> <span class='ocrx_word' id='word_1_115' title='bbox 871 1255 946 1297; x_wconf 91' lang='lat' dir='ltr'>vbi</span> <span class='ocrx_word' id='word_1_116' title='bbox 969 1252 1117 1311; x_wconf 89' lang='lat' dir='ltr'>plures</span> <span class='ocrx_word' id='word_1_117' title='bbox 1141 1268 1306 1310; x_wconf 89' lang='lat' dir='ltr'>eaeque</span> <span class='ocrx_word' id='word_1_118' title='bbox 1332 1268 1454 1297; x_wconf 79' lang='lat' dir='ltr'>rarae</span> 
     </span>
     <span class='ocr_line' id='line_1_17' title="bbox 196 1319 1454 1378; baseline 0.004 -18"><span class='ocrx_word' id='word_1_119' title='bbox 196 1324 245 1361; x_wconf 89' lang='lat' dir='ltr'>et</span> <span class='ocrx_word' id='word_1_120' title='bbox 273 1319 476 1375; x_wconf 84' lang='lat' dir='ltr'>antiquae</span> <span class='ocrx_word' id='word_1_121' title='bbox 524 1321 746 1364; x_wconf 81' lang='lat' dir='ltr'>editiones</span> <span class='ocrx_word' id='word_1_122' title='bbox 781 1319 1122 1378; x_wconf 83' lang='lat' dir='ltr'>verfionesque,</span> <span class='ocrx_word' id='word_1_123' title='bbox 1174 1329 1273 1365; x_wconf 89' lang='lat' dir='ltr'>tum</span> <span class='ocrx_word' id='word_1_124' title='bbox 1291 1319 1454 1366; x_wconf 85' lang='lat' dir='ltr'>latinae</span> 
     </span>
     <span class='ocr_line' id='line_1_18' title="bbox 193 1383 1453 1446; baseline 0.005 -19"><span class='ocrx_word' id='word_1_125' title='bbox 193 1391 293 1427; x_wconf 86' lang='lat' dir='ltr'>tum</span> <span class='ocrx_word' id='word_1_126' title='bbox 317 1383 512 1443; x_wconf 76' lang='lat' dir='ltr'>gallicae,</span> <span class='ocrx_word' id='word_1_127' title='bbox 532 1386 678 1431; x_wconf 87' lang='lat' dir='ltr'>italica</span> <span class='ocrx_word' id='word_1_128' title='bbox 697 1396 744 1432; x_wconf 91' lang='lat' dir='ltr'>et</span> <span class='ocrx_word' id='word_1_129' title='bbox 768 1388 987 1446; x_wconf 86' lang='lat' dir='ltr'>hispanica</span> <span class='ocrx_word' id='word_1_130' title='bbox 1017 1389 1304 1433; x_wconf 85' lang='lat' dir='ltr'>recensentur</span> <span class='ocrx_word' id='word_1_131' title='bbox 1319 1421 1330 1439; x_wconf 94' lang='lat'>,</span> <span class='ocrx_word' id='word_1_132' title='bbox 1365 1403 1453 1433; x_wconf 90' lang='lat' dir='ltr'>nec</span> 
     </span>
     <span class='ocr_line' id='line_1_19' title="bbox 194 1451 1452 1502; baseline 0.002 -7"><span class='ocrx_word' id='word_1_133' title='bbox 194 1466 292 1495; x_wconf 88' lang='lat' dir='ltr'>non</span> <span class='ocrx_word' id='word_1_134' title='bbox 314 1451 486 1494; x_wconf 64' lang='lat' dir='ltr'>Baretta</span> <span class='ocrx_word' id='word_1_135' title='bbox 505 1454 552 1496; x_wconf 91' lang='lat' dir='ltr'>in</span> <span class='ocrx_word' id='word_1_136' title='bbox 573 1456 708 1499; x_wconf 86' lang='lat' dir='ltr'>Nlem.</span> <span class='ocrx_word' id='word_1_137' title='bbox 735 1455 792 1498; x_wconf 85' lang='lat' dir='ltr'>de</span> <span class='ocrx_word' id='word_1_138' title='bbox 816 1454 856 1498; x_wconf 89' lang='lat' dir='ltr'>la</span> <span class='ocrx_word' id='word_1_139' title='bbox 875 1457 1083 1500; x_wconf 84' lang='lat' dir='ltr'>Litterat</span> <span class='ocrx_word' id='word_1_140' title='bbox 1115 1473 1171 1482; x_wconf 92' lang='grc'><strong>-</strong></span> <span class='ocrx_word' id='word_1_141' title='bbox 1204 1456 1259 1498; x_wconf 89' lang='lat' dir='ltr'>de</span> <span class='ocrx_word' id='word_1_142' title='bbox 1285 1453 1312 1499; x_wconf 90' lang='lat' dir='ltr'>l’</span> <span class='ocrx_word' id='word_1_143' title='bbox 1328 1456 1452 1502; x_wconf 87' lang='lat' dir='ltr'>acad</span> 
     </span>
    </p>

    <p class='ocr_par' dir='ltr' id='par_1_4' title="bbox 194 1517 1453 1581">
     <span class='ocr_line' id='line_1_20' title="bbox 194 1517 1453 1581; baseline 0.004 -20"><span class='ocrx_word' id='word_1_144' title='bbox 194 1519 272 1562; x_wconf 86' lang='lat' dir='ltr'>des</span> <span class='ocrx_word' id='word_1_145' title='bbox 298 1517 432 1565; x_wconf 89' lang='lat' dir='ltr'>Inscr</span> <span class='ocrx_word' id='word_1_146' title='bbox 454 1519 542 1565; x_wconf 89' lang='lat' dir='ltr'>vol.</span> <span class='ocrx_word' id='word_1_147' title='bbox 569 1521 684 1564; x_wconf 85' lang='lat' dir='ltr'>VIII</span> <span class='ocrx_word' id='word_1_148' title='bbox 705 1522 777 1565; x_wconf 91' lang='lat' dir='ltr'>vb1</span> <span class='ocrx_word' id='word_1_149' title='bbox 797 1537 895 1581; x_wconf 86' lang='lat' dir='ltr'>pag</span> <span class='ocrx_word' id='word_1_150' title='bbox 919 1535 982 1578; x_wconf 84' lang='lat'>45</span> <span class='ocrx_word' id='word_1_151' title='bbox 1012 1523 1103 1579; x_wconf 87' lang='lat' dir='ltr'>sqq</span> <span class='ocrx_word' id='word_1_152' title='bbox 1127 1521 1257 1568; x_wconf 84' lang='lat' dir='ltr'>editt.</span> <span class='ocrx_word' id='word_1_153' title='bbox 1281 1529 1328 1565; x_wconf 83' lang='lat' dir='ltr'>et</span> <span class='ocrx_word' id='word_1_154' title='bbox 1352 1537 1453 1566; x_wconf 92' lang='lat' dir='ltr'>ver-</span> 
     </span>
    </p>

    <p class='ocr_par' dir='ltr' id='par_1_5' title="bbox 192 1583 1454 1645">
     <span class='ocr_line' id='line_1_21' title="bbox 192 1583 1454 1645; baseline 0.004 -17"><span class='ocrx_word' id='word_1_155' title='bbox 192 1583 352 1629; x_wconf 84' lang='lat' dir='ltr'>fiones</span> <span class='ocrx_word' id='word_1_156' title='bbox 362 1586 586 1642; x_wconf 84' lang='lat' dir='ltr'>antiquas,</span> <span class='ocrx_word' id='word_1_157' title='bbox 630 1590 865 1643; x_wconf 85' lang='lat' dir='ltr'>praecipue</span> <span class='ocrx_word' id='word_1_158' title='bbox 887 1587 1026 1632; x_wconf 88' lang='lat' dir='ltr'>libelli</span> <span class='ocrx_word' id='word_1_159' title='bbox 1046 1589 1104 1631; x_wconf 90' lang='lat' dir='ltr'>de</span> <span class='ocrx_word' id='word_1_160' title='bbox 1126 1586 1285 1632; x_wconf 83' lang='lat' dir='ltr'>Musica</span> <span class='ocrx_word' id='word_1_161' title='bbox 1306 1589 1454 1645; x_wconf 82' lang='lat' dir='ltr'>perse-</span> 
     </span>
    </p>

    <p class='ocr_par' dir='ltr' id='par_1_6' title="bbox 191 1649 1454 1778">
     <span class='ocr_line' id='line_1_22' title="bbox 191 1649 1454 1713; baseline 0.002 -18"><span class='ocrx_word' id='word_1_162' title='bbox 191 1653 340 1709; x_wconf 82' lang='lat' dir='ltr'>quitur</span> <span class='ocrx_word' id='word_1_163' title='bbox 353 1652 602 1708; x_wconf 87' lang='lat' dir='ltr'>partimque</span> <span class='ocrx_word' id='word_1_164' title='bbox 627 1654 854 1697; x_wconf 83' lang='lat' dir='ltr'>examinat</span> <span class='ocrx_word' id='word_1_165' title='bbox 868 1654 937 1697; x_wconf 69' lang='lat' dir='ltr'>Ad</span> <span class='ocrx_word' id='word_1_166' title='bbox 952 1649 1149 1696; x_wconf 65' lang='lat' dir='ltr'>editiones</span> <span class='ocrx_word' id='word_1_167' title='bbox 1159 1662 1248 1697; x_wconf 86' lang='lat' dir='ltr'>tarn</span> <span class='ocrx_word' id='word_1_168' title='bbox 1259 1670 1454 1713; x_wconf 82' lang='lat' dir='ltr'>graecas,</span> 
     </span>
     <span class='ocr_line' id='line_1_23' title="bbox 191 1719 1451 1781; baseline 0.003 -20"><span class='ocrx_word' id='word_1_169' title='bbox 191 1734 322 1775; x_wconf 83' lang='lat' dir='ltr'>quam</span> <span class='ocrx_word' id='word_1_170' title='bbox 347 1734 508 1778; x_wconf 86' lang='lat' dir='ltr'>graeco</span> <span class='ocrx_word' id='word_1_171' title='bbox 530 1719 683 1764; x_wconf 86' lang='lat' dir='ltr'>latinas</span> <span class='ocrx_word' id='word_1_172' title='bbox 711 1720 1005 1780; x_wconf 82' lang='lat' dir='ltr'>progredior:</span> <span class='ocrx_word' id='word_1_173' title='bbox 1041 1735 1153 1777; x_wconf 86' lang='lat' dir='ltr'>quae</span> <span class='ocrx_word' id='word_1_174' title='bbox 1173 1737 1281 1764; x_wconf 88' lang='lat' dir='ltr'>vero</span> <span class='ocrx_word' id='word_1_175' title='bbox 1305 1720 1451 1781; x_wconf 80' lang='lat' dir='ltr'>fingu-</span> 
     </span>
    </p>

    <p class='ocr_par' dir='ltr' id='par_1_7' title="bbox 189 1783 1450 1967">
     <span class='ocr_line' id='line_1_24' title="bbox 189 1783 1450 1845; baseline 0.003 -17"><span class='ocrx_word' id='word_1_176' title='bbox 189 1783 336 1829; x_wconf 87' lang='lat' dir='ltr'>lorum</span> <span class='ocrx_word' id='word_1_177' title='bbox 358 1785 672 1843; x_wconf 88' lang='lat' dir='ltr'>opusculorum</span> <span class='ocrx_word' id='word_1_178' title='bbox 695 1787 935 1844; x_wconf 86' lang='lat' dir='ltr'>peculiares</span> <span class='ocrx_word' id='word_1_179' title='bbox 959 1787 1194 1845; x_wconf 75' lang='lat' dir='ltr'>editiones,</span> <span class='ocrx_word' id='word_1_180' title='bbox 1217 1803 1328 1845; x_wconf 83' lang='lat' dir='ltr'>quae</span> <span class='ocrx_word' id='word_1_181' title='bbox 1348 1804 1450 1845; x_wconf 88' lang='lat' dir='ltr'>per-</span> 
     </span>
     <span class='ocr_line' id='line_1_25' title="bbox 189 1852 1449 1913; baseline 0.002 -17"><span class='ocrx_word' id='word_1_182' title='bbox 189 1852 356 1898; x_wconf 90' lang='lat' dir='ltr'>multae</span> <span class='ocrx_word' id='word_1_183' title='bbox 383 1853 509 1905; x_wconf 84' lang='lat' dir='ltr'>funt,</span> <span class='ocrx_word' id='word_1_184' title='bbox 544 1854 590 1897; x_wconf 88' lang='lat' dir='ltr'>in</span> <span class='ocrx_word' id='word_1_185' title='bbox 613 1854 758 1898; x_wconf 84' lang='lat' dir='ltr'>lucem</span> <span class='ocrx_word' id='word_1_186' title='bbox 785 1856 1076 1911; x_wconf 85' lang='lat' dir='ltr'>prodierunt,</span> <span class='ocrx_word' id='word_1_187' title='bbox 1123 1870 1274 1898; x_wconf 84' lang='lat' dir='ltr'>earum</span> <span class='ocrx_word' id='word_1_188' title='bbox 1296 1858 1449 1913; x_wconf 83' lang='lat' dir='ltr'>potio-</span> 
     </span>
     <span class='ocr_line' id='line_1_26' title="bbox 190 1919 1244 1973; baseline 0.001 -9"><span class='ocrx_word' id='word_1_189' title='bbox 190 1935 262 1964; x_wconf 88' lang='lat' dir='ltr'>res</span> <span class='ocrx_word' id='word_1_190' title='bbox 289 1928 336 1966; x_wconf 87' lang='lat' dir='ltr'>et</span> <span class='ocrx_word' id='word_1_191' title='bbox 360 1919 628 1973; x_wconf 79' lang='lat' dir='ltr'>recenfiores</span> <span class='ocrx_word' id='word_1_192' title='bbox 651 1930 827 1967; x_wconf 79' lang='lat' dir='ltr'>tantum</span> <span class='ocrx_word' id='word_1_193' title='bbox 851 1921 894 1968; x_wconf 85' lang='lat' dir='ltr'>h.</span> <span class='ocrx_word' id='word_1_194' title='bbox 914 1921 942 1965; x_wconf 95' lang='lat' dir='ltr'>l</span> <span class='ocrx_word' id='word_1_195' title='bbox 965 1924 1244 1966; x_wconf 87' lang='lat' dir='ltr'>memorabo.</span> 
     </span>
    </p>
   </div>
   <div class='ocr_carea' id='block_1_4' title="bbox 186 2046 1445 2448">
    <p class='ocr_par' dir='ltr' id='par_1_8' title="bbox 186 2046 1445 2448">
     <span class='ocr_line' id='line_1_27' title="bbox 290 2046 1445 2116; baseline 0.003 -19"><span class='ocrx_word' id='word_1_196' title='bbox 290 2046 488 2098; x_wconf 87' lang='lat' dir='ltr'>Primum</span> <span class='ocrx_word' id='word_1_197' title='bbox 508 2055 772 2111; x_wconf 88' lang='lat' dir='ltr'>prodierunt</span> <span class='ocrx_word' id='word_1_198' title='bbox 794 2052 1022 2098; x_wconf 79' lang='lat' dir='ltr'>Plutarchi</span> <span class='ocrx_word' id='word_1_199' title='bbox 1057 2051 1262 2116; x_wconf 82' lang='lat' dir='ltr'>Opuscula</span> <span class='ocrx_word' id='word_1_200' title='bbox 1283 2057 1445 2111; x_wconf 85' lang='lat' dir='ltr'>(mora-</span> 
     </span>
     <span class='ocr_line' id='line_1_28' title="bbox 187 2105 1445 2182; baseline 0.002 -18"><span class='ocrx_word' id='word_1_201' title='bbox 187 2105 265 2174; x_wconf 78' lang='lat' dir='ltr'>lia)</span> <span class='ocrx_word' id='word_1_202' title='bbox 285 2122 538 2166; x_wconf 81' lang='lat' dir='ltr'>LXXXXII</span> <span class='ocrx_word' id='word_1_203' title='bbox 573 2138 755 2182; x_wconf 78' lang='lat' dir='ltr'>graece,</span> <span class='ocrx_word' id='word_1_204' title='bbox 807 2124 1006 2168; x_wconf 86' lang='lat' dir='ltr'>Venetiis</span> <span class='ocrx_word' id='word_1_205' title='bbox 1042 2124 1089 2166; x_wconf 88' lang='lat' dir='ltr'>in</span> <span class='ocrx_word' id='word_1_206' title='bbox 1130 2124 1308 2167; x_wconf 87' lang='lat' dir='ltr'>aedibus</span> <span class='ocrx_word' id='word_1_207' title='bbox 1341 2124 1445 2167; x_wconf 72' lang='lat' dir='ltr'>Aldi</span> 
     </span>
     <span class='ocr_line' id='line_1_29' title="bbox 189 2188 1444 2247; baseline 0 -13"><span class='ocrx_word' id='word_1_208' title='bbox 189 2198 237 2234; x_wconf 83' lang='lat' dir='ltr'>et</span> <span class='ocrx_word' id='word_1_209' title='bbox 270 2190 412 2233; x_wconf 86' lang='lat' dir='ltr'>Andr</span> <span class='ocrx_word' id='word_1_210' title='bbox 450 2188 627 2232; x_wconf 74' lang='lat' dir='ltr'>Asulani</span> <span class='ocrx_word' id='word_1_211' title='bbox 660 2191 822 2242; x_wconf 84' lang='lat' dir='ltr'>soceri,</span> <span class='ocrx_word' id='word_1_212' title='bbox 881 2203 1020 2247; x_wconf 80' lang='lat'><em>1509,</em></span> <span class='ocrx_word' id='word_1_213' title='bbox 1056 2188 1133 2234; x_wconf 87' lang='lat' dir='ltr'>fol</span> <span class='ocrx_word' id='word_1_214' title='bbox 1171 2205 1299 2247; x_wconf 85' lang='lat' dir='ltr'>quam</span> <span class='ocrx_word' id='word_1_215' title='bbox 1334 2192 1444 2235; x_wconf 89' lang='lat' dir='ltr'>edit</span> 
     </span>
     <span class='ocr_line' id='line_1_30' title="bbox 186 2255 1442 2314; baseline 0.002 -15"><span class='ocrx_word' id='word_1_216' title='bbox 186 2258 358 2300; x_wconf 85' lang='lat' dir='ltr'>curauit</span> <span class='ocrx_word' id='word_1_217' title='bbox 380 2255 622 2298; x_wconf 74' lang='lat' dir='ltr'>Demetrms</span> <span class='ocrx_word' id='word_1_218' title='bbox 642 2257 803 2310; x_wconf 70' lang='lat' dir='ltr'>Ducas,</span> <span class='ocrx_word' id='word_1_219' title='bbox 837 2255 1083 2308; x_wconf 83' lang='lat' dir='ltr'>Cretenfi5‚</span> <span class='ocrx_word' id='word_1_220' title='bbox 1121 2266 1168 2301; x_wconf 89' lang='lat' dir='ltr'>et</span> <span class='ocrx_word' id='word_1_221' title='bbox 1194 2272 1323 2314; x_wconf 85' lang='lat' dir='ltr'>quarn</span> <span class='ocrx_word' id='word_1_222' title='bbox 1350 2261 1442 2301; x_wconf 83' lang='lat' dir='ltr'>for-</span> 
     </span>
     <span class='ocr_line' id='line_1_31' title="bbox 187 2322 1442 2381; baseline 0.002 -15"><span class='ocrx_word' id='word_1_223' title='bbox 187 2323 260 2366; x_wconf 89' lang='lat' dir='ltr'>san</span> <span class='ocrx_word' id='word_1_224' title='bbox 294 2325 566 2367; x_wconf 80' lang='lat' dir='ltr'>Burmannus</span> <span class='ocrx_word' id='word_1_225' title='bbox 600 2326 646 2367; x_wconf 89' lang='lat' dir='ltr'>in</span> <span class='ocrx_word' id='word_1_226' title='bbox 676 2328 810 2381; x_wconf 85' lang='lat' dir='ltr'>praef.</span> <span class='ocrx_word' id='word_1_227' title='bbox 850 2326 903 2367; x_wconf 84' lang='lat' dir='ltr'>ad</span> <span class='ocrx_word' id='word_1_228' title='bbox 925 2322 1071 2367; x_wconf 81' lang='lat' dir='ltr'>Valer.</span> <span class='ocrx_word' id='word_1_229' title='bbox 1099 2322 1297 2367; x_wconf 87' lang='lat' dir='ltr'>Flaccum</span> <span class='ocrx_word' id='word_1_230' title='bbox 1321 2326 1442 2368; x_wconf 87' lang='lat' dir='ltr'>XXX</span> 
     </span>
     <span class='ocr_line' id='line_1_32' title="bbox 188 2387 1440 2448; baseline 0.001 -16"><span class='ocrx_word' id='word_1_231' title='bbox 188 2387 265 2434; x_wconf 86' lang='lat' dir='ltr'>fin</span> <span class='ocrx_word' id='word_1_232' title='bbox 291 2390 571 2448; x_wconf 83' lang='lat' dir='ltr'>deprauatam</span> <span class='ocrx_word' id='word_1_233' title='bbox 592 2401 637 2436; x_wconf 87' lang='lat' dir='ltr'>et</span> <span class='ocrx_word' id='word_1_234' title='bbox 658 2391 941 2444; x_wconf 84' lang='lat' dir='ltr'>mendosam,</span> <span class='ocrx_word' id='word_1_235' title='bbox 977 2406 1024 2434; x_wconf 88' lang='lat' dir='ltr'>ac</span> <span class='ocrx_word' id='word_1_236' title='bbox 1047 2391 1213 2434; x_wconf 88' lang='lat' dir='ltr'>ibidem</span> <span class='ocrx_word' id='word_1_237' title='bbox 1231 2393 1440 2435; x_wconf 88' lang='lat' dir='ltr'>Daumius</span> 
     </span>
    </p>
   </div>
   <div class='ocr_carea' id='block_1_5' title="bbox 122 2457 1441 2515">
    <p class='ocr_par' dir='ltr' id='par_1_9' title="bbox 122 2457 1441 2515">
     <span class='ocr_line' id='line_1_33' title="bbox 122 2457 1441 2515; baseline 0.004 -18"><span class='ocrx_word' id='word_1_238' title='bbox 122 2494 125 2497; x_wconf 87' lang='lat'>.</span> <span class='ocrx_word' id='word_1_239' title='bbox 191 2457 391 2501; x_wconf 88' lang='lat' dir='ltr'>codicem</span> <span class='ocrx_word' id='word_1_240' title='bbox 417 2457 751 2503; x_wconf 85' lang='lat' dir='ltr'>monstrasarum</span> <span class='ocrx_word' id='word_1_241' title='bbox 776 2459 1036 2503; x_wconf 82' lang='lat' dir='ltr'>mendarum</span> <span class='ocrx_word' id='word_1_242' title='bbox 1061 2458 1180 2503; x_wconf 86' lang='lat' dir='ltr'>dicit</span> <span class='ocrx_word' id='word_1_243' title='bbox 1213 2482 1279 2491; x_wconf 91' lang='grc'>--</span> <span class='ocrx_word' id='word_1_244' title='bbox 1311 2474 1441 2515; x_wconf 81' lang='lat' dir='ltr'>repe-</span> 
     </span>
    </p>
   </div>
   <div class='ocr_carea' id='block_1_6' title="bbox 0 0 21 3005">
    <p class='ocr_par' dir='ltr' id='par_1_10' title="bbox 0 0 21 3005">
     <span class='ocr_line' id='line_1_34' title="bbox 0 0 21 3005; baseline 0 0"><span class='ocrx_word' id='word_1_245' title='bbox 0 0 21 3005; x_wconf 95' lang='lat' dir='ltr'> </span> 
     </span>
    </p>
   </div>
   <div class='ocr_carea' id='block_1_7' title="bbox 188 2510 1440 2654">
    <p class='ocr_par' dir='ltr' id='par_1_11' title="bbox 188 2510 1440 2654">
     <span class='ocr_line' id='line_1_35' title="bbox 188 2510 1440 2641; baseline 0.002 -72"><span class='ocrx_word' id='word_1_246' title='bbox 188 2520 272 2570; x_wconf 80' lang='lat' dir='ltr'>tita</span> <span class='ocrx_word' id='word_1_247' title='bbox 299 2539 349 2569; x_wconf 88' lang='lat' dir='ltr'>ea</span> <span class='ocrx_word' id='word_1_248' title='bbox 382 2524 443 2570; x_wconf 90' lang='lat' dir='ltr'>est</span> <span class='ocrx_word' id='word_1_249' title='bbox 475 2528 591 2585; x_wconf 89' lang='lat' dir='ltr'>apud</span> <span class='ocrx_word' id='word_1_250' title='bbox 621 2529 813 2575; x_wconf 85' lang='lat' dir='ltr'>Froben.</span> <span class='ocrx_word' id='word_1_251' title='bbox 850 2534 897 2571; x_wconf 88' lang='lat' dir='ltr'>et</span> <span class='ocrx_word' id='word_1_252' title='bbox 924 2527 1020 2572; x_wconf 89' lang='lat' dir='ltr'>Nic.</span> <span class='ocrx_word' id='word_1_253' title='bbox 1053 2510 1254 2586; x_wconf 83' lang='lat' dir='ltr'>Episcop</span> <span class='ocrx_word' id='word_1_254' title='bbox 1294 2538 1440 2641; x_wconf 52' lang='grc' dir='ltr'>ῖςιίμ1</span> 
     </span>
     <span class='ocr_line' id='line_1_36' title="bbox 801 2596 1402 2654; baseline -0.002 -16"><span class='ocrx_word' id='word_1_255' title='bbox 801 2596 832 2638; x_wconf 86' lang='lat' dir='ltr'>F</span> <span class='ocrx_word' id='word_1_256' title='bbox 869 2608 891 2654; x_wconf 84' lang='lat'><em>3</em></span> <span class='ocrx_word' id='word_1_257' title='bbox 1377 2607 1402 2637; x_wconf 87' lang='grc' dir='ltr'>ο</span> 
     </span>
    </p>
   </div>
  </div>
 </body>
</html>
