<?xml version="1.0" encoding="UTF-8"?>
<!DOCTYPE html PUBLIC "-//W3C//DTD XHTML 1.0 Transitional//EN"
    "http://www.w3.org/TR/xhtml1/DTD/xhtml1-transitional.dtd">
<html xmlns="http://www.w3.org/1999/xhtml" xml:lang="en" lang="en">
 <head>
  <title>
</title>
<meta http-equiv="Content-Type" content="text/html;charset=utf-8" />
  <meta name='ocr-system' content='tesseract 3.04.00' />
  <meta name='ocr-capabilities' content='ocr_page ocr_carea ocr_par ocr_line ocrx_word'/>
</head>
<body>
  <div class='ocr_page' id='page_1' title='image "./p1theophilichristo02harluoft_0086.png"; bbox 0 0 1727 3005; ppageno 0'>
   <div class='ocr_carea' id='block_1_1' title="bbox 291 233 978 304">
    <p class='ocr_par' dir='ltr' id='par_1_1' title="bbox 291 233 978 304">
     <span class='ocr_line' id='line_1_1' title="bbox 291 233 978 304; baseline 0.001 -23"><span class='ocrx_word' id='word_1_1' title='bbox 291 249 360 298; x_wconf 89' lang='lat'>74</span> <span class='ocrx_word' id='word_1_2' title='bbox 616 298 620 304; x_wconf 92' lang='lat'><strong>.</strong></span> <span class='ocrx_word' id='word_1_3' title='bbox 863 233 978 282; x_wconf 76' lang='lat' dir='ltr'>DIO.</span> 
     </span>
    </p>
   </div>
   <div class='ocr_carea' id='block_1_2' title="bbox 291 354 1548 688">
    <p class='ocr_par' dir='ltr' id='par_1_2' title="bbox 291 354 1548 688">
     <span class='ocr_line' id='line_1_2' title="bbox 295 354 1547 422; baseline -0.006 -14"><span class='ocrx_word' id='word_1_4' title='bbox 295 364 430 422; x_wconf 83' lang='lat' dir='ltr'>praef.</span> <span class='ocrx_word' id='word_1_5' title='bbox 454 362 571 422; x_wconf 85' lang='lat' dir='ltr'>opp.</span> <span class='ocrx_word' id='word_1_6' title='bbox 606 359 799 407; x_wconf 85' lang='lat' dir='ltr'>Homeri</span> <span class='ocrx_word' id='word_1_7' title='bbox 832 360 884 402; x_wconf 84' lang='lat' dir='ltr'>ab</span> <span class='ocrx_word' id='word_1_8' title='bbox 918 356 993 402; x_wconf 84' lang='lat' dir='ltr'>Ios.</span> <span class='ocrx_word' id='word_1_9' title='bbox 1023 354 1215 416; x_wconf 78' lang='lat' dir='ltr'>Barmsso</span> <span class='ocrx_word' id='word_1_10' title='bbox 1249 361 1380 405; x_wconf 82' lang='lat' dir='ltr'>editis</span> <span class='ocrx_word' id='word_1_11' title='bbox 1411 361 1547 405; x_wconf 80' lang='lat' dir='ltr'>Tom.</span> 
     </span>
     <span class='ocr_line' id='line_1_3' title="bbox 292 427 1548 491; baseline -0.005 -15"><span class='ocrx_word' id='word_1_12' title='bbox 292 433 330 476; x_wconf 86' lang='lat'>1.</span> <span class='ocrx_word' id='word_1_13' title='bbox 355 448 451 491; x_wconf 80' lang='lat' dir='ltr'>pag.</span> <span class='ocrx_word' id='word_1_14' title='bbox 480 444 585 487; x_wconf 85' lang='lat'><strong>124.</strong></span> <span class='ocrx_word' id='word_1_15' title='bbox 603 454 660 463; x_wconf 89' lang='lat'>-—</span> <span class='ocrx_word' id='word_1_16' title='bbox 694 427 894 472; x_wconf 82' lang='lat' dir='ltr'>Isocratis</span> <span class='ocrx_word' id='word_1_17' title='bbox 907 427 1126 470; x_wconf 83' lang='lat' dir='ltr'>Demetrii</span> <span class='ocrx_word' id='word_1_18' title='bbox 1140 429 1328 486; x_wconf 86' lang='lat' dir='ltr'>Cydone</span> <span class='ocrx_word' id='word_1_19' title='bbox 1344 437 1391 473; x_wconf 87' lang='lat' dir='ltr'>et</span> <span class='ocrx_word' id='word_1_20' title='bbox 1410 427 1548 472; x_wconf 79' lang='lat' dir='ltr'>Mich-</span> 
     </span>
     <span class='ocr_line' id='line_1_4' title="bbox 292 491 1546 559; baseline -0.002 -16"><span class='ocrx_word' id='word_1_21' title='bbox 292 498 456 559; x_wconf 84' lang='lat' dir='ltr'>Glycae</span> <span class='ocrx_word' id='word_1_22' title='bbox 487 497 658 553; x_wconf 81' lang='lat' dir='ltr'>aliquot</span> <span class='ocrx_word' id='word_1_23' title='bbox 686 493 907 553; x_wconf 80' lang='lat' dir='ltr'>epistolae,</span> <span class='ocrx_word' id='word_1_24' title='bbox 947 508 1031 538; x_wconf 89' lang='lat' dir='ltr'>nec</span> <span class='ocrx_word' id='word_1_25' title='bbox 1068 508 1162 537; x_wconf 89' lang='lat' dir='ltr'>non</span> <span class='ocrx_word' id='word_1_26' title='bbox 1183 496 1320 539; x_wconf 74' lang='lat' dir='ltr'>Dion.</span> <span class='ocrx_word' id='word_1_27' title='bbox 1355 510 1423 539; x_wconf 80' lang='lat' dir='ltr'>or.</span> <span class='ocrx_word' id='word_1_28' title='bbox 1445 491 1546 558; x_wconf 67' lang='grc' dir='ltr'>περὶ</span> 
     </span>
     <span class='ocr_line' id='line_1_5' title="bbox 293 559 1547 625; baseline -0.01 -11"><span class='ocrx_word' id='word_1_29' title='bbox 293 562 430 625; x_wconf 67' lang='grc' dir='ltr'>λέγω</span> <span class='ocrx_word' id='word_1_30' title='bbox 461 559 684 617; x_wconf 63' lang='lat' dir='ltr'>donno-ems·</span> <span class='ocrx_word' id='word_1_31' title='bbox 725 562 845 606; x_wconf 84' lang='lat' dir='ltr'>edid.</span> <span class='ocrx_word' id='word_1_32' title='bbox 878 569 927 607; x_wconf 88' lang='lat' dir='ltr'>et</span> <span class='ocrx_word' id='word_1_33' title='bbox 964 562 1180 608; x_wconf 85' lang='lat' dir='ltr'>animadu.</span> <span class='ocrx_word' id='word_1_34' title='bbox 1220 562 1383 607; x_wconf 82' lang='lat' dir='ltr'>adiecit</span> <span class='ocrx_word' id='word_1_35' title='bbox 1419 561 1463 606; x_wconf 90' lang='lat' dir='ltr'>C.</span> <span class='ocrx_word' id='word_1_36' title='bbox 1496 561 1547 605; x_wconf 87' lang='lat' dir='ltr'>F.</span> 
     </span>
     <span class='ocr_line' id='line_1_6' title="bbox 291 629 1143 688; baseline -0.004 -11"><span class='ocrx_word' id='word_1_37' title='bbox 291 629 514 678; x_wconf 77' lang='lat' dir='ltr'>Matthaei</span> <span class='ocrx_word' id='word_1_38' title='bbox 541 632 687 688; x_wconf 87' lang='lat' dir='ltr'>Nlosq.</span> <span class='ocrx_word' id='word_1_39' title='bbox 710 638 757 675; x_wconf 89' lang='lat' dir='ltr'>et</span> <span class='ocrx_word' id='word_1_40' title='bbox 777 631 894 687; x_wconf 72' lang='lat' dir='ltr'>Lips.</span> <span class='ocrx_word' id='word_1_41' title='bbox 926 634 1066 687; x_wconf 86' lang='lat'><strong>1778.</strong></span> <span class='ocrx_word' id='word_1_42' title='bbox 1098 635 1143 681; x_wconf 88' lang='lat'>8.</span> 
     </span>
    </p>
   </div>
   <div class='ocr_carea' id='block_1_3' title="bbox 286 764 1546 1296">
    <p class='ocr_par' dir='ltr' id='par_1_3' title="bbox 286 764 1546 1296">
     <span class='ocr_line' id='line_1_7' title="bbox 395 764 1545 827; baseline -0.004 -13"><span class='ocrx_word' id='word_1_43' title='bbox 395 781 436 824; x_wconf 86' lang='lat'>5.</span> <span class='ocrx_word' id='word_1_44' title='bbox 470 766 734 827; x_wconf 83' lang='lat' dir='ltr'><strong>Ingenium,</strong></span> <span class='ocrx_word' id='word_1_45' title='bbox 772 764 1061 823; x_wconf 83' lang='lat' dir='ltr'><strong>eloquentia,</strong></span> <span class='ocrx_word' id='word_1_46' title='bbox 1109 777 1374 821; x_wconf 83' lang='lat' dir='ltr'>quamquam</span> <span class='ocrx_word' id='word_1_47' title='bbox 1405 764 1545 810; x_wconf 83' lang='lat' dir='ltr'>inter-</span> 
     </span>
     <span class='ocr_line' id='line_1_8' title="bbox 291 829 1546 891; baseline -0.003 -12"><span class='ocrx_word' id='word_1_48' title='bbox 291 835 398 880; x_wconf 83' lang='lat' dir='ltr'>dum</span> <span class='ocrx_word' id='word_1_49' title='bbox 416 833 655 878; x_wconf 85' lang='lat' dir='ltr'>vmbratilis</span> <span class='ocrx_word' id='word_1_50' title='bbox 681 841 728 877; x_wconf 89' lang='lat' dir='ltr'>et</span> <span class='ocrx_word' id='word_1_51' title='bbox 750 832 1089 888; x_wconf 84' lang='lat' dir='ltr'>declamatoria,</span> <span class='ocrx_word' id='word_1_52' title='bbox 1124 829 1343 891; x_wconf 78' lang='lat' dir='ltr'>elegantia</span> <span class='ocrx_word' id='word_1_53' title='bbox 1381 841 1428 876; x_wconf 88' lang='lat' dir='ltr'>et</span> <span class='ocrx_word' id='word_1_54' title='bbox 1455 831 1546 875; x_wconf 88' lang='lat' dir='ltr'>sua·</span> 
     </span>
     <span class='ocr_line' id='line_1_9' title="bbox 290 898 1544 957; baseline -0.005 -10"><span class='ocrx_word' id='word_1_55' title='bbox 290 904 403 947; x_wconf 86' lang='lat' dir='ltr'>uitas</span> <span class='ocrx_word' id='word_1_56' title='bbox 434 903 672 952; x_wconf 86' lang='lat' dir='ltr'>orationis,</span> <span class='ocrx_word' id='word_1_57' title='bbox 733 916 862 957; x_wconf 84' lang='lat' dir='ltr'>quam</span> <span class='ocrx_word' id='word_1_58' title='bbox 904 909 1057 944; x_wconf 87' lang='lat' dir='ltr'>tamen</span> <span class='ocrx_word' id='word_1_59' title='bbox 1099 900 1275 955; x_wconf 80' lang='lat' dir='ltr'>periodi</span> <span class='ocrx_word' id='word_1_60' title='bbox 1309 898 1544 956; x_wconf 81' lang='lat' dir='ltr'>aliquoties</span> 
     </span>
     <span class='ocr_line' id='line_1_10' title="bbox 288 965 1545 1029; baseline -0.004 -15"><span class='ocrx_word' id='word_1_61' title='bbox 288 970 402 1015; x_wconf 74' lang='lat' dir='ltr'>iusto</span> <span class='ocrx_word' id='word_1_62' title='bbox 427 969 658 1029; x_wconf 79' lang='lat' dir='ltr'>longiores</span> <span class='ocrx_word' id='word_1_63' title='bbox 692 968 950 1018; x_wconf 85' lang='lat' dir='ltr'>obscurant,</span> <span class='ocrx_word' id='word_1_64' title='bbox 997 974 1045 1011; x_wconf 89' lang='lat' dir='ltr'>et</span> <span class='ocrx_word' id='word_1_65' title='bbox 1070 966 1191 1023; x_wconf 74' lang='lat' dir='ltr'>quod</span> <span class='ocrx_word' id='word_1_66' title='bbox 1221 965 1360 1011; x_wconf 84' lang='lat' dir='ltr'>multa</span> <span class='ocrx_word' id='word_1_67' title='bbox 1388 974 1545 1022; x_wconf 87' lang='lat' dir='ltr'>poeta-</span> 
     </span>
     <span class='ocr_line' id='line_1_11' title="bbox 287 1033 1544 1097; baseline -0.006 -15"><span class='ocrx_word' id='word_1_68' title='bbox 287 1053 389 1082; x_wconf 78' lang='lat' dir='ltr'>rum</span> <span class='ocrx_word' id='word_1_69' title='bbox 413 1041 659 1097; x_wconf 84' lang='lat' dir='ltr'>fragmenta</span> <span class='ocrx_word' id='word_1_70' title='bbox 677 1036 894 1084; x_wconf 78' lang='lat' dir='ltr'>seruauit,</span> <span class='ocrx_word' id='word_1_71' title='bbox 924 1034 1151 1078; x_wconf 89' lang='lat' dir='ltr'>hincinde</span> <span class='ocrx_word' id='word_1_72' title='bbox 1188 1035 1328 1090; x_wconf 87' lang='lat' dir='ltr'>capita</span> <span class='ocrx_word' id='word_1_73' title='bbox 1358 1033 1414 1093; x_wconf 62' lang='lat' dir='ltr'>ad</span> <span class='ocrx_word' id='word_1_74' title='bbox 1448 1048 1544 1091; x_wconf 89' lang='lat' dir='ltr'>my-</span> 
     </span>
     <span class='ocr_line' id='line_1_12' title="bbox 286 1101 1544 1165; baseline -0.005 -15"><span class='ocrx_word' id='word_1_75' title='bbox 286 1105 540 1165; x_wconf 83' lang='lat' dir='ltr'>thologiam</span> <span class='ocrx_word' id='word_1_76' title='bbox 568 1114 615 1149; x_wconf 83' lang='lat' dir='ltr'>et</span> <span class='ocrx_word' id='word_1_77' title='bbox 648 1104 961 1160; x_wconf 82' lang='lat' dir='ltr'>antiquitatem</span> <span class='ocrx_word' id='word_1_78' title='bbox 994 1102 1292 1159; x_wconf 81' lang='lat' dir='ltr'>pertinentia,</span> <span class='ocrx_word' id='word_1_79' title='bbox 1333 1101 1544 1145; x_wconf 76' lang='lat' dir='ltr'>tractauit</span> 
     </span>
     <span class='ocr_line' id='line_1_13' title="bbox 288 1166 1542 1231; baseline -0.008 -14"><span class='ocrx_word' id='word_1_80' title='bbox 288 1182 366 1217; x_wconf 81' lang='lat' dir='ltr'>aut</span> <span class='ocrx_word' id='word_1_81' title='bbox 408 1173 599 1231; x_wconf 79' lang='lat' dir='ltr'>adtigit,</span> <span class='ocrx_word' id='word_1_82' title='bbox 666 1185 768 1214; x_wconf 84' lang='lat' dir='ltr'>eum</span> <span class='ocrx_word' id='word_1_83' title='bbox 808 1169 1137 1213; x_wconf 86' lang='lat' dir='ltr'>commendant.</span> <span class='ocrx_word' id='word_1_84' title='bbox 1244 1170 1377 1213; x_wconf 83' lang='lat' dir='ltr'>Conf.</span> <span class='ocrx_word' id='word_1_85' title='bbox 1421 1166 1542 1228; x_wconf 75' lang='lat' dir='ltr'>Pope.</span> 
     </span>
     <span class='ocr_line' id='line_1_14' title="bbox 287 1236 1536 1296; baseline -0.004 -13"><span class='ocrx_word' id='word_1_86' title='bbox 287 1238 443 1283; x_wconf 70' lang='lat' dir='ltr'>Blount</span> <span class='ocrx_word' id='word_1_87' title='bbox 455 1239 623 1285; x_wconf 81' lang='lat' dir='ltr'>censur.</span> <span class='ocrx_word' id='word_1_88' title='bbox 651 1246 794 1283; x_wconf 84' lang='lat' dir='ltr'>autor.</span> <span class='ocrx_word' id='word_1_89' title='bbox 815 1253 858 1295; x_wconf 90' lang='lat' dir='ltr'>p.</span> <span class='ocrx_word' id='word_1_90' title='bbox 891 1250 977 1296; x_wconf 81' lang='lat'>145</span> <span class='ocrx_word' id='word_1_91' title='bbox 1005 1237 1067 1295; x_wconf 89' lang='lat' dir='ltr'>sq.</span> <span class='ocrx_word' id='word_1_92' title='bbox 1095 1238 1205 1281; x_wconf 87' lang='lat' dir='ltr'>Acta</span> <span class='ocrx_word' id='word_1_93' title='bbox 1227 1236 1394 1282; x_wconf 84' lang='lat' dir='ltr'>erudit.</span> <span class='ocrx_word' id='word_1_94' title='bbox 1416 1247 1503 1292; x_wconf 78' lang='lat'>175</span> <span class='ocrx_word' id='word_1_95' title='bbox 1514 1247 1536 1293; x_wconf 85' lang='lat'><em>3</em></span> 
     </span>
    </p>
   </div>
   <div class='ocr_carea' id='block_1_4' title="bbox 281 1306 565 1368">
    <p class='ocr_par' dir='ltr' id='par_1_4' title="bbox 281 1306 565 1368">
     <span class='ocr_line' id='line_1_15' title="bbox 281 1306 565 1368; baseline -0.018 0"><span class='ocrx_word' id='word_1_96' title='bbox 281 1323 324 1368; x_wconf 83' lang='lat' dir='ltr'>P·</span> <span class='ocrx_word' id='word_1_97' title='bbox 355 1308 447 1367; x_wconf 73' lang='lat'>360</span> <span class='ocrx_word' id='word_1_98' title='bbox 473 1306 565 1364; x_wconf 78' lang='lat' dir='ltr'><strong>sqq·</strong></span> 
     </span>
    </p>
   </div>
   <div class='ocr_carea' id='block_1_5' title="bbox 280 1433 1559 2509">
    <p class='ocr_par' dir='ltr' id='par_1_5' title="bbox 280 1433 1559 2509">
     <span class='ocr_line' id='line_1_16' title="bbox 393 1433 1538 1497; baseline -0.005 -14"><span class='ocrx_word' id='word_1_99' title='bbox 393 1441 436 1483; x_wconf 89' lang='lat'>6.</span> <span class='ocrx_word' id='word_1_100' title='bbox 476 1456 518 1484; x_wconf 82' lang='lat' dir='ltr'>v.</span> <span class='ocrx_word' id='word_1_101' title='bbox 538 1434 735 1481; x_wconf 81' lang='lat' dir='ltr'><em>Fabricii</em></span> <span class='ocrx_word' id='word_1_102' title='bbox 754 1436 862 1482; x_wconf 87' lang='lat' dir='ltr'>Bibl.</span> <span class='ocrx_word' id='word_1_103' title='bbox 888 1433 963 1482; x_wconf 81' lang='lat' dir='ltr'>Gr.</span> <span class='ocrx_word' id='word_1_104' title='bbox 984 1435 1087 1480; x_wconf 86' lang='lat' dir='ltr'>Vol.</span> <span class='ocrx_word' id='word_1_105' title='bbox 1112 1438 1184 1479; x_wconf 85' lang='grc' dir='ltr'>ΠΙ.</span> <span class='ocrx_word' id='word_1_106' title='bbox 1204 1436 1320 1480; x_wconf 82' lang='lat' dir='ltr'>Libr.</span> <span class='ocrx_word' id='word_1_107' title='bbox 1341 1436 1418 1479; x_wconf 82' lang='lat' dir='ltr'>IV.</span> <span class='ocrx_word' id='word_1_108' title='bbox 1435 1436 1538 1497; x_wconf 80' lang='lat' dir='ltr'>Cap.</span> 
     </span>
     <span class='ocr_line' id='line_1_17' title="bbox 287 1501 1544 1566; baseline -0.004 -13"><span class='ocrx_word' id='word_1_109' title='bbox 287 1507 343 1554; x_wconf 82' lang='lat' dir='ltr'>X.</span> <span class='ocrx_word' id='word_1_110' title='bbox 368 1523 412 1564; x_wconf 77' lang='lat' dir='ltr'>p.</span> <span class='ocrx_word' id='word_1_111' title='bbox 431 1521 539 1566; x_wconf 79' lang='lat'>305.</span> <span class='ocrx_word' id='word_1_112' title='bbox 567 1506 660 1564; x_wconf 88' lang='lat' dir='ltr'><strong>sqq.</strong></span> <span class='ocrx_word' id='word_1_113' title='bbox 673 1514 763 1550; x_wconf 82' lang='lat' dir='ltr'>vet.</span> <span class='ocrx_word' id='word_1_114' title='bbox 779 1506 885 1549; x_wconf 84' lang='lat' dir='ltr'>edit.</span> <span class='ocrx_word' id='word_1_115' title='bbox 909 1512 957 1549; x_wconf 85' lang='lat' dir='ltr'>et</span> <span class='ocrx_word' id='word_1_116' title='bbox 976 1503 1075 1548; x_wconf 86' lang='lat' dir='ltr'>Vol.</span> <span class='ocrx_word' id='word_1_117' title='bbox 1101 1506 1216 1548; x_wconf 82' lang='lat' dir='ltr'><strong>XIII.</strong></span> <span class='ocrx_word' id='word_1_118' title='bbox 1234 1519 1334 1562; x_wconf 81' lang='lat' dir='ltr'>pag.</span> <span class='ocrx_word' id='word_1_119' title='bbox 1359 1507 1471 1562; x_wconf 85' lang='lat'><strong>783.</strong></span> <span class='ocrx_word' id='word_1_120' title='bbox 1506 1501 1544 1548; x_wconf 85' lang='grc' dir='ltr'>Ῑ.</span> 
     </span>
     <span class='ocr_line' id='line_1_18' title="bbox 285 1572 1541 1628; baseline -0.002 -11"><span class='ocrx_word' id='word_1_121' title='bbox 285 1576 372 1620; x_wconf 66' lang='lat' dir='ltr'>Lec.</span> <span class='ocrx_word' id='word_1_122' title='bbox 394 1574 561 1617; x_wconf 71' lang='lat' dir='ltr'>Keislzii</span> <span class='ocrx_word' id='word_1_123' title='bbox 583 1574 837 1617; x_wconf 87' lang='lat' dir='ltr'>Obseruatt.</span> <span class='ocrx_word' id='word_1_124' title='bbox 856 1580 987 1628; x_wconf 84' lang='lat' dir='ltr'>atque</span> <span class='ocrx_word' id='word_1_125' title='bbox 1014 1572 1346 1614; x_wconf 86' lang='lat' dir='ltr'>emendationes</span> <span class='ocrx_word' id='word_1_126' title='bbox 1356 1573 1402 1612; x_wconf 90' lang='lat' dir='ltr'>in</span> <span class='ocrx_word' id='word_1_127' title='bbox 1416 1572 1541 1614; x_wconf 86' lang='lat' dir='ltr'>Orat.</span> 
     </span>
     <span class='ocr_line' id='line_1_19' title="bbox 285 1635 1541 1689; baseline -0.006 -2"><span class='ocrx_word' id='word_1_128' title='bbox 285 1644 481 1689; x_wconf 78' lang='lat' dir='ltr'><strong>XXXIII.</strong></span> <span class='ocrx_word' id='word_1_129' title='bbox 506 1642 555 1685; x_wconf 89' lang='lat' dir='ltr'>in</span> <span class='ocrx_word' id='word_1_130' title='bbox 578 1637 757 1684; x_wconf 83' lang='lat' dir='ltr'>Miscell.</span> <span class='ocrx_word' id='word_1_131' title='bbox 787 1638 1039 1683; x_wconf 78' lang='lat' dir='ltr'>Obseruatt.</span> <span class='ocrx_word' id='word_1_132' title='bbox 1075 1636 1176 1683; x_wconf 90' lang='lat' dir='ltr'>Vol.</span> <span class='ocrx_word' id='word_1_133' title='bbox 1206 1635 1278 1680; x_wconf 87' lang='lat' dir='ltr'>IX.</span> <span class='ocrx_word' id='word_1_134' title='bbox 1305 1638 1436 1680; x_wconf 88' lang='lat' dir='ltr'>Tom.</span> <span class='ocrx_word' id='word_1_135' title='bbox 1465 1638 1541 1684; x_wconf 83' lang='grc' dir='ltr'><strong>ΙΙΙ.</strong></span> 
     </span>
     <span class='ocr_line' id='line_1_20' title="bbox 284 1701 1540 1769; baseline -0.002 -18"><span class='ocrx_word' id='word_1_136' title='bbox 284 1727 340 1769; x_wconf 82' lang='lat' dir='ltr'>pa</span> <span class='ocrx_word' id='word_1_137' title='bbox 346 1727 386 1768; x_wconf 75' lang='lat' dir='ltr'>g.</span> <span class='ocrx_word' id='word_1_138' title='bbox 414 1722 519 1767; x_wconf 80' lang='lat'>375.</span> <span class='ocrx_word' id='word_1_139' title='bbox 535 1708 626 1764; x_wconf 87' lang='lat' dir='ltr'><strong>sqq.</strong></span> <span class='ocrx_word' id='word_1_140' title='bbox 649 1701 1251 1749; x_wconf 73' lang='lat' dir='ltr'>eiusdcmAnimaduersiones</span> <span class='ocrx_word' id='word_1_141' title='bbox 1266 1705 1318 1747; x_wconf 84' lang='lat' dir='ltr'>ad</span> <span class='ocrx_word' id='word_1_142' title='bbox 1342 1706 1540 1748; x_wconf 89' lang='lat' dir='ltr'>Dionem</span> 
     </span>
     <span class='ocr_line' id='line_1_21' title="bbox 284 1771 1540 1832; baseline -0.006 -10"><span class='ocrx_word' id='word_1_143' title='bbox 284 1774 679 1832; x_wconf 78' lang='lat' dir='ltr'>Chrysostomum,</span> <span class='ocrx_word' id='word_1_144' title='bbox 707 1775 755 1816; x_wconf 90' lang='lat' dir='ltr'>in</span> <span class='ocrx_word' id='word_1_145' title='bbox 777 1774 869 1816; x_wconf 90' lang='lat' dir='ltr'>eius</span> <span class='ocrx_word' id='word_1_146' title='bbox 901 1771 1281 1816; x_wconf 83' lang='lat' dir='ltr'>Animaduerfion.</span> <span class='ocrx_word' id='word_1_147' title='bbox 1319 1772 1374 1814; x_wconf 88' lang='lat' dir='ltr'>ad</span> <span class='ocrx_word' id='word_1_148' title='bbox 1407 1772 1540 1815; x_wconf 83' lang='lat' dir='ltr'>Grae-</span> 
     </span>
     <span class='ocr_line' id='line_1_22' title="bbox 289 1834 1540 1897; baseline -0.006 -10"><span class='ocrx_word' id='word_1_149' title='bbox 289 1861 366 1892; x_wconf 76' lang='lat' dir='ltr'>eos</span> <span class='ocrx_word' id='word_1_150' title='bbox 393 1843 592 1886; x_wconf 53' lang='lat' dir='ltr'>nudiores</span> <span class='ocrx_word' id='word_1_151' title='bbox 620 1840 722 1884; x_wconf 93' lang='lat' dir='ltr'>Vol.</span> <span class='ocrx_word' id='word_1_152' title='bbox 744 1836 777 1886; x_wconf 90' lang='lat' dir='ltr'>I.</span> <span class='ocrx_word' id='word_1_153' title='bbox 797 1838 961 1896; x_wconf 85' lang='lat' dir='ltr'>Lipsiae</span> <span class='ocrx_word' id='word_1_154' title='bbox 995 1849 1136 1896; x_wconf 79' lang='lat'><strong>1757.</strong></span> <span class='ocrx_word' id='word_1_155' title='bbox 1173 1846 1195 1890; x_wconf 81' lang='lat'>8</span> <span class='ocrx_word' id='word_1_156' title='bbox 1220 1858 1276 1869; x_wconf 54' lang='grc' dir='ltr'>-ψ</span> <span class='ocrx_word' id='word_1_157' title='bbox 1326 1837 1383 1895; x_wconf 68' lang='lat'>10,</span> <span class='ocrx_word' id='word_1_158' title='bbox 1417 1834 1540 1897; x_wconf 46' lang='lat' dir='ltr'>Chriq</span> 
     </span>
     <span class='ocr_line' id='line_1_23' title="bbox 280 1905 1538 1973; baseline -0.001 -20"><span class='ocrx_word' id='word_1_159' title='bbox 280 1908 410 1973; x_wconf 65' lang='lat' dir='ltr'>flopls.</span> <span class='ocrx_word' id='word_1_160' title='bbox 447 1905 567 1965; x_wconf 79' lang='lat' dir='ltr'><em>Wolf.</em></span> <span class='ocrx_word' id='word_1_161' title='bbox 605 1910 679 1966; x_wconf 90' lang='lat' dir='ltr'>qui</span> <span class='ocrx_word' id='word_1_162' title='bbox 704 1922 848 1951; x_wconf 87' lang='lat' dir='ltr'>nouae</span> <span class='ocrx_word' id='word_1_163' title='bbox 872 1908 1079 1951; x_wconf 83' lang='lat' dir='ltr'>editionis</span> <span class='ocrx_word' id='word_1_164' title='bbox 1092 1905 1320 1950; x_wconf 80' lang='lat' dir='ltr'>confilium</span> <span class='ocrx_word' id='word_1_165' title='bbox 1343 1914 1538 1963; x_wconf 80' lang='lat' dir='ltr'>ceperat.</span> 
     </span>
     <span class='ocr_line' id='line_1_24' title="bbox 284 1976 1536 2037; baseline -0.004 -16"><span class='ocrx_word' id='word_1_166' title='bbox 284 1980 355 2037; x_wconf 86' lang='lat' dir='ltr'>(v.</span> <span class='ocrx_word' id='word_1_167' title='bbox 382 1977 515 2021; x_wconf 79' lang='lat' dir='ltr'>Thes.</span> <span class='ocrx_word' id='word_1_168' title='bbox 539 1976 660 2033; x_wconf 89' lang='lat' dir='ltr'>epist.</span> <span class='ocrx_word' id='word_1_169' title='bbox 675 1978 732 2018; x_wconf 87' lang='lat' dir='ltr'>La</span> <span class='ocrx_word' id='word_1_170' title='bbox 755 1976 957 2020; x_wconf 78' lang='lat' dir='ltr'>Crozian.</span> <span class='ocrx_word' id='word_1_171' title='bbox 983 1982 1096 2019; x_wconf 81' lang='lat' dir='ltr'>tom.</span> <span class='ocrx_word' id='word_1_172' title='bbox 1126 1976 1182 2017; x_wconf 90' lang='grc' dir='ltr'>ΙΙ.</span> <span class='ocrx_word' id='word_1_173' title='bbox 1211 1989 1312 2032; x_wconf 89' lang='lat' dir='ltr'><strong>pag.</strong></span> <span class='ocrx_word' id='word_1_174' title='bbox 1344 1986 1419 2017; x_wconf 89' lang='lat'>20.</span> <span class='ocrx_word' id='word_1_175' title='bbox 1450 1986 1536 2021; x_wconf 79' lang='lat'>21.</span> 
     </span>
     <span class='ocr_line' id='line_1_25' title="bbox 289 2042 1537 2101; baseline -0.003 -10"><span class='ocrx_word' id='word_1_176' title='bbox 289 2048 400 2098; x_wconf 83' lang='lat'><strong>186.</strong></span> <span class='ocrx_word' id='word_1_177' title='bbox 429 2053 475 2088; x_wconf 82' lang='lat' dir='ltr'>et</span> <span class='ocrx_word' id='word_1_178' title='bbox 499 2043 662 2089; x_wconf 83' lang='lat' dir='ltr'>Reiskii</span> <span class='ocrx_word' id='word_1_179' title='bbox 683 2042 879 2100; x_wconf 76' lang='lat' dir='ltr'>praefat.)</span> <span class='ocrx_word' id='word_1_180' title='bbox 897 2045 944 2086; x_wconf 90' lang='lat' dir='ltr'>in</span> <span class='ocrx_word' id='word_1_181' title='bbox 962 2042 1181 2086; x_wconf 82' lang='lat' dir='ltr'>Anecdot.</span> <span class='ocrx_word' id='word_1_182' title='bbox 1207 2056 1407 2101; x_wconf 80' lang='lat' dir='ltr'>graecor.</span> <span class='ocrx_word' id='word_1_183' title='bbox 1423 2042 1537 2088; x_wconf 70' lang='lat' dir='ltr'>ton&#39;i.</span> 
     </span>
     <span class='ocr_line' id='line_1_26' title="bbox 285 2108 1559 2171; baseline -0.002 -13"><span class='ocrx_word' id='word_1_184' title='bbox 285 2115 324 2160; x_wconf 86' lang='grc' dir='ltr'>Ι.</span> <span class='ocrx_word' id='word_1_185' title='bbox 350 2113 590 2171; x_wconf 83' lang='lat' dir='ltr'>Hamburgi</span> <span class='ocrx_word' id='word_1_186' title='bbox 621 2124 762 2170; x_wconf 77' lang='lat'><strong>1732.</strong></span> <span class='ocrx_word' id='word_1_187' title='bbox 795 2118 834 2162; x_wconf 82' lang='lat'>8.</span> <span class='ocrx_word' id='word_1_188' title='bbox 857 2122 960 2170; x_wconf 85' lang='lat' dir='ltr'>pag.</span> <span class='ocrx_word' id='word_1_189' title='bbox 988 2122 1099 2166; x_wconf 88' lang='lat'><strong>217.</strong></span> <span class='ocrx_word' id='word_1_190' title='bbox 1118 2109 1210 2166; x_wconf 85' lang='lat' dir='ltr'><strong>sqq.</strong></span> <span class='ocrx_word' id='word_1_191' title='bbox 1223 2108 1465 2166; x_wconf 87' lang='lat' dir='ltr'>publicauit</span> <span class='ocrx_word' id='word_1_192' title='bbox 1483 2111 1559 2155; x_wconf 74' lang='lat' dir='ltr'>ex‘</span> 
     </span>
     <span class='ocr_line' id='line_1_27' title="bbox 285 2176 1536 2225; baseline -0.004 -1"><span class='ocrx_word' id='word_1_193' title='bbox 285 2180 393 2225; x_wconf 88' lang='lat' dir='ltr'>bibl.</span> <span class='ocrx_word' id='word_1_194' title='bbox 427 2178 663 2224; x_wconf 86' lang='lat' dir='ltr'>Bodleiana</span> <span class='ocrx_word' id='word_1_195' title='bbox 694 2186 820 2223; x_wconf 88' lang='lat' dir='ltr'>notas</span> <span class='ocrx_word' id='word_1_196' title='bbox 848 2188 898 2222; x_wconf 81' lang='lat' dir='ltr'>et</span> <span class='ocrx_word' id='word_1_197' title='bbox 936 2178 1269 2222; x_wconf 85' lang='lat' dir='ltr'>emendationes</span> <span class='ocrx_word' id='word_1_198' title='bbox 1306 2178 1361 2223; x_wconf 82' lang='lat' dir='ltr'>V.</span> <span class='ocrx_word' id='word_1_199' title='bbox 1397 2178 1452 2220; x_wconf 88' lang='lat' dir='ltr'>D.</span> <span class='ocrx_word' id='word_1_200' title='bbox 1480 2176 1536 2220; x_wconf 86' lang='lat' dir='ltr'>ad</span> 
     </span>
     <span class='ocr_line' id='line_1_28' title="bbox 285 2239 1536 2305; baseline -0.009 -13"><span class='ocrx_word' id='word_1_201' title='bbox 285 2247 509 2305; x_wconf 76' lang='lat' dir='ltr'>exemplar</span> <span class='ocrx_word' id='word_1_202' title='bbox 528 2248 599 2291; x_wconf 88' lang='lat' dir='ltr'>ed.</span> <span class='ocrx_word' id='word_1_203' title='bbox 627 2248 756 2291; x_wconf 82' lang='lat' dir='ltr'>Paris.</span> <span class='ocrx_word' id='word_1_204' title='bbox 798 2246 929 2298; x_wconf 86' lang='lat'><strong>1623.</strong></span> <span class='ocrx_word' id='word_1_205' title='bbox 972 2245 1221 2302; x_wconf 82' lang='lat' dir='ltr'>adscriptas.</span> <span class='ocrx_word' id='word_1_206' title='bbox 1257 2242 1291 2288; x_wconf 86' lang='lat' dir='ltr'>I.</span> <span class='ocrx_word' id='word_1_207' title='bbox 1317 2239 1536 2285; x_wconf 82' lang='lat' dir='ltr'>Bernhar.</span> 
     </span>
     <span class='ocr_line' id='line_1_29' title="bbox 283 2311 1537 2367; baseline -0.003 -9"><span class='ocrx_word' id='word_1_208' title='bbox 283 2313 334 2359; x_wconf 78' lang='lat' dir='ltr'>di</span> <span class='ocrx_word' id='word_1_209' title='bbox 357 2312 551 2357; x_wconf 66' lang='lat' dir='ltr'>Koehleri</span> <span class='ocrx_word' id='word_1_210' title='bbox 583 2314 928 2358; x_wconf 86' lang='lat' dir='ltr'>Emendationes</span> <span class='ocrx_word' id='word_1_211' title='bbox 957 2315 1000 2357; x_wconf 91' lang='lat' dir='ltr'>in</span> <span class='ocrx_word' id='word_1_212' title='bbox 1038 2313 1192 2356; x_wconf 87' lang='lat' dir='ltr'>Dionis</span> <span class='ocrx_word' id='word_1_213' title='bbox 1222 2311 1341 2355; x_wconf 72' lang='lat' dir='ltr'>Orat„</span> <span class='ocrx_word' id='word_1_214' title='bbox 1376 2311 1537 2367; x_wconf 85' lang='lat' dir='ltr'>partim</span> 
     </span>
     <span class='ocr_line' id='line_1_30' title="bbox 281 2377 1536 2438; baseline -0.007 -10"><span class='ocrx_word' id='word_1_215' title='bbox 281 2384 337 2428; x_wconf 70' lang='lat' dir='ltr'>ad</span> <span class='ocrx_word' id='word_1_216' title='bbox 367 2383 618 2428; x_wconf 84' lang='lat' dir='ltr'>Obseruatt.</span> <span class='ocrx_word' id='word_1_217' title='bbox 642 2380 797 2438; x_wconf 90' lang='lat' dir='ltr'>philol.</span> <span class='ocrx_word' id='word_1_218' title='bbox 825 2383 871 2424; x_wconf 87' lang='lat' dir='ltr'>in</span> <span class='ocrx_word' id='word_1_219' title='bbox 897 2380 994 2424; x_wconf 91' lang='lat' dir='ltr'>loca</span> <span class='ocrx_word' id='word_1_220' title='bbox 1017 2379 1171 2423; x_wconf 67' lang='lat' dir='ltr'>sele&amp;a</span> <span class='ocrx_word' id='word_1_221' title='bbox 1202 2379 1306 2422; x_wconf 85' lang='lat' dir='ltr'>sacri</span> <span class='ocrx_word' id='word_1_222' title='bbox 1340 2377 1536 2434; x_wconf 88' lang='lat' dir='ltr'>Codicis,</span> 
     </span>
     <span class='ocr_line' id='line_1_31' title="bbox 280 2443 1536 2509; baseline -0.004 -17"><span class='ocrx_word' id='word_1_223' title='bbox 280 2451 426 2509; x_wconf 78' lang='lat' dir='ltr'><strong>Lugd.</strong></span> <span class='ocrx_word' id='word_1_224' title='bbox 453 2452 495 2494; x_wconf 88' lang='grc' dir='ltr'>Β.</span> <span class='ocrx_word' id='word_1_225' title='bbox 525 2451 618 2504; x_wconf 88' lang='lat'>176</span> <span class='ocrx_word' id='word_1_226' title='bbox 627 2463 666 2505; x_wconf 79' lang='grc' dir='ltr'>ς.</span> <span class='ocrx_word' id='word_1_227' title='bbox 691 2454 714 2500; x_wconf 90' lang='lat'>8</span> <span class='ocrx_word' id='word_1_228' title='bbox 743 2450 904 2504; x_wconf 78' lang='lat' dir='ltr'>partim</span> <span class='ocrx_word' id='word_1_229' title='bbox 928 2448 980 2491; x_wconf 90' lang='lat' dir='ltr'>ad</span> <span class='ocrx_word' id='word_1_230' title='bbox 1004 2454 1137 2490; x_wconf 86' lang='lat' dir='ltr'>oratt.</span> <span class='ocrx_word' id='word_1_231' title='bbox 1156 2443 1347 2490; x_wconf 82' lang='lat' dir='ltr'>Tarsicas</span> <span class='ocrx_word' id='word_1_232' title='bbox 1361 2446 1409 2487; x_wconf 87' lang='lat' dir='ltr'>in</span> <span class='ocrx_word' id='word_1_233' title='bbox 1430 2459 1536 2502; x_wconf 85' lang='lat' dir='ltr'>pro-</span> 
     </span>
    </p>
   </div>
   <div class='ocr_carea' id='block_1_6' title="bbox 283 2515 1537 2638">
    <p class='ocr_par' dir='ltr' id='par_1_6' title="bbox 283 2515 1537 2638">
     <span class='ocr_line' id='line_1_32' title="bbox 283 2515 1476 2638; baseline -0.008 -75"><span class='ocrx_word' id='word_1_234' title='bbox 283 2516 457 2567; x_wconf 67' lang='lat' dir='ltr'>lusione</span> <span class='ocrx_word' id='word_1_235' title='bbox 485 2516 672 2574; x_wconf 87' lang='lat' dir='ltr'>quadarn</span> <span class='ocrx_word' id='word_1_236' title='bbox 695 2515 963 2570; x_wconf 79' lang='lat' dir='ltr'>academica,</span> <span class='ocrx_word' id='word_1_237' title='bbox 995 2515 1238 2575; x_wconf 82' lang='lat' dir='ltr'>Gottingae</span> <span class='ocrx_word' id='word_1_238' title='bbox 1267 2525 1476 2638; x_wconf 40' lang='lat'>177034„</span> 
     </span>
     <span class='ocr_line' id='line_1_33' title="bbox 1421 2589 1537 2625; baseline 0.009 -1"><span class='ocrx_word' id='word_1_239' title='bbox 1421 2614 1430 2624; x_wconf 85' lang='lat'><strong>.</strong></span> <span class='ocrx_word' id='word_1_240' title='bbox 1457 2589 1537 2625; x_wconf 80' lang='lat'>21.</span> 
     </span>
    </p>
   </div>
  </div>
 </body>
</html>
