1686 3025
594 261 990 341 ΗΕΚΜΟθΕΝΕς,
1330 270 1418 330 163

224 407 271 454 3.
306 391 542 451 scripserat
563 392 686 449 Opus
708 391 765 436 de
787 399 882 436 arte
915 388 1163 446 rhetorica„
1199 390 1320 446 quod
1347 396 1414 435 te-

159 460 222 507 ste
243 463 307 507 Io.
334 458 495 519 Tzetze
522 461 563 505 V
594 460 790 517 partibus
826 457 1046 503 constitit:
1082 458 1268 515 primam
1304 472 1418 501 vero

153 536 328 586 partem
352 523 552 585 periisse,
600 528 782 583 putabat
818 526 1048 570 Fabricius.
1118 527 1178 569 At
1210 526 1330 568 enim
1362 531 1412 569 et

156 598 348 640 Tzetzae
371 594 647 651 temporibus
673 593 871 635 manibus
900 588 1022 636 fuiffe
1046 592 1198 637 tritam
1222 591 1411 649 constat,

154 671 203 708 et
235 663 385 706 adhuc.
415 658 605 717 superest
650 667 745 704 tum
780 661 828 702 in
857 659 956 702 cod.
986 657 1249 714 Matritenfi,
1281 657 1412 714 (teste

148 727 382 771 Iriartoin
408 735 488 772 cat.
513 726 642 771 codd.
673 740 818 785 graec.
855 727 1021 769 Matrit.
1059 741 1161 786 pag.
1196 740 1302 784 154.
1332 727 1410 785 sq)

146 803 247 841 rum
274 797 320 839 in
338 795 492 839 codice
514 791 774 837 Taurinensi
801 793 922 836 inter
942 792 1077 836 codd.
1113 809 1180 851 gr.
1213 808 1282 838 nr.
1320 808 1414 851 77⁴³

147 863 274 922 (pag.
307 875 411 917 171.
437 868 518 906 cat.
542 861 644 905 cod.
673 875 738 919 gr.
761 857 967 913 Tauria.)
986 861 1131 916 Atque
1155 874 1265 916 opus
1278 860 1410 916 illud,

146 929 270 985 quod
298 927 466 973 constat
486 929 581 972 ΧΠ.
605 928 833 983 capitibus,
859 941 884 969 e
908 925 1008 969 cod.
1038 927 1205 971 Mat-rit.
1226 936 1408 975 erutum

145 994 348 1039 formulis
370 992 703 1054 typographicis
715 992 986 1050 descriptum
1007 990 1084 1049 est,
1119 1008 1171 1037 ex
1184 991 1410 1040 Prisciano

147 1063 449 1121 emendatum·
475 1061 747 1118 eruditisque
784 1061 917 1104 notis>
951 1056 1219 1109 {illustratum
1263 1076 1287 1104 a
1323 1061 1410 1112 cel.·

142 1127 311 1173 Heeren
334 1130 382 1172 in
406 1123 640 1170 Bibliothek
665 1124 743 1169 der
765 1126 878 1169 alten
890 1126 1134 1169 Litteratur
1150 1124 1407 1186 vndKunst,

144 1205 261 1243 tom.
298 1197 413 1248 Vm.
447 1203 494 1240 et
521 1194 595 1239 IX.
632 1195 965 1240 inter‘inedita.
1034 1193 1104 1237 Est
1141 1211 1320 1254 quoque
1351 1199 1404 1242 itt

145 1265 247 1307 cod.
270 1265 397 1323 regio
421 1262 639 1320 Neapolit.
673 1276 689 1305 1
703 1262 780 1321 69.
800 1262 938 1306 chart.
959 1261 1067 1305 saec.
1089 1262 1184 1305 XV.
1209 1278 1309 1306 cum
1328 1279 1402 1308 re-

143 1329 275 1387 liquis
297 1331 494 1374 eiusdem
512 1330 814 1388 Hermogenis
847 1328 1065 1386 opusculis
1085 1327 1333 1385 rhetoricis,
1355 1352 1403 1367 -

145 1392 398 1453 Prisc'ianus
428 1395 570 1439 libere
600 1397 737 1439 vertit
757 1398 979 1454 Hermog.
1009 1405 1403 1453 progymnasmatae
1467 1394 1470 1399 ⁸

142 1462 315 1519 suoque
343 1462 400 1506 de
434 1460 626 1506 versibus
675 1463 852 1504 comicis
896 1460 1013 1517 libro
1056 1461 1304 1515 subiunxit,
1348 1465 1402 1508 in
1454 1502 1457 1503 ⁷

143 1530 448 1573 Grammaticis
470 1527 543 1575 lat.
565 1527 724 1572 Heliae
749 1526 939 1572 Putschii
959 1542 1057 1586 pag.
1088 1539 1229 1587 1329.
1261 1538 1401 1588 atque

137 1594 378 1652 inscripsit:
443 1593 664 1636 Prisciani
701 1585 988 1651 grammatici
1033 1589 1302 1651 Caesarienst's
1342 1594 1402 1641 do

136 1661 588 1724 praeexercitamentis
619 1655 852 1700 rhetoricae
892 1673 944 1701 ex
972 1659 1232 1719 Hermogene
1273 1658 1403 1709 liber.

140 1730 194 1772 In
221 1728 382 1772 eodem
404 1728 504 1773 cod.
529 1723 774 1772 Matritenfi
811 1724 911 1770 sunt
945 1723 1194 1782 Aphthonii
1227 1743 1401 1791 7507„-

138 1789 398 1855 μγοὶσματοι
412 1795 460 1836 in
482 1790 740 1836 rhetoricam
755 1791 1047 1851 Hermogenis,
1082 1808 1193 1849 quae
1207 1796 1254 1836 in
1272 1795 1399 1840 libris

141 1859 303 1923 exeniis
325 1852 728 1925 προγυμνάσμοιτοι
754 1858 895 1903 solum
915 1859 1228 1912 inscribuntur,
1251 1870 1298 1908 et
1316 1862 1400 1908 Iri-

144 1935 241 1973 arte
265 1944 364 1988 pag.
400 1940 483 1986 151
513 1928 602 1987 sqq.
629 1929 793 1984 primus
825 1926 967 1971 edidit
1000 1928 1214 1984 quaedam
1237 1928 1397 1974 hucus-

140 2010 229 2053 que
261 1997 430 2040 inedita
473 2010 528 2041 ex
574 1993 907 2055 prolegomenis
937 1995 984 2037 in
1004 1993 1253 2050 Aphthonii
1287 2012 1398 2055 pro..

139 2071 462 2122 gymnasmata:
530 2062 829 2119 praemittitur
870 2063 917 2104 in
967 2062 1130 2105 eodem
1163 2063 1264 2109 cod.
1304 2065 1402 2110 vita

140 2131 472 2189 Hermogenis:
517 2144 626 2186 quae
662 2143 798 2186 quum
829 2126 945 2171 haud
978 2143 1133 2186 parum
1166 2130 1394 2187 discrepet

138 2198 193 2239 ab
216 2212 289 2255 ea,
325 2211 434 2254 quae
459 2197 573 2253 apud
595 2197 769 2239 Suidam
798 2193 966 2252 legitur
1001 2197 1049 2238 in
1081 2195 1310 2258 ἕςμοὙένης
1341 2210 1396 2244 et

140 2264 194 2306 ab
219 2263 325 2322 alia,
354 2277 483 2321 quam
506 2258 677 2317 Godofr.
705 2261 898 2304 Oleariur
930 2261 1012 2304 suis
1045 2263 1098 2304 ad
1118 2258 1389 2319 Philostrato-

140 2341 239 2372 rum
269 2345 406 2387 opera
439 2331 531 2385 (vbi
562 2331 618 2374 de
651 2329 752 2374 vitis
784 2325 956 2385 sophist.
994 2326 1070 2373 lib.
1105 2330 1156 2375 11.
1194 2345 1231 2374 e.
1256 2344 1300 2387 7.
1326 2333 1386 2376 de

141 2397 432 2456 Hermogene
454 2397 629 2456 agitur‚)
656 2397 775 2440 notis
798 2410 897 2454 pag.
935 2408 1044 2452 577.
1084 2410 1108 2439 e
1141 2397 1241 2441 cod.
1279 2412 1332 2458 13
1344 2413 1388 2458 3.

139 2463 316 2508 Barocc.
338 2465 545 2509 inseruit:
582 2466 634 2508 ab
661 2466 819 2508 Iriarto
847 2477 947 2522 pag.
984 2474 1070 2519 155
1094 2464 1305 2521 exscripta
1337 2474 1387 2512 et

141 2527 348 2588 euulgata
369 2531 441 2583 est,
473 2553 539 2567 —-
605 2529 803 2589 Reliqua,
823 2544 950 2587 ‚quae
980 2529 1087 2574 olim
1120 2529 1285 2589 pluries
1313 2541 1387 2592 ty-

795 2595 830 2639 L
866 2609 890 2640 2
1321 2603 1387 2658 pis
