1686 3025
293 246 389 296 339
436 225 440 227 ’
472 195 474 197 ’
510 209 520 221 ’
773 230 1072 283 fflMERIVS.

390 373 433 419 ς.
467 349 711 406 Aristidem*
725 357 920 404 imitatus
948 357 1032 402 esti
1071 357 1437 407 difflonem'eius
1457 359 1551 408 Iau—
1632 359 1634 362 ’

287 427 398 478 dant
433 426 652 490 Eunapius
672 427 720 471 in
754 427 963 471 Himerio
991 441 1092 487 pag.
1137 440 1243 484 157.
1268 430 1330 488 sq.
1361 445 1410 474 ac
1442 427 1550 473 Pho-

231 498 234 499 ’
285 498 376 539 tius
396 495 445 539 in
466 495 568 539 cod.
600 493 704 553 165.
773 497 835 540 At
857 501 1008 543 tamen
1030 508 1158 538 more
1184 490 1469 554 sophistarum
1481 498 1550 541 ni-

286 564 371 607 mis
395 570 580 607 venatur
601 569 811 607 ornatum
837 570 884 607 et
908 560 1109 606 colorem
1125 564 1353 617 orationis,
1385 562 1548 625 figuras

290 638 340 675 et
369 632 610 675 verborum
648 631 797 687 potius
828 628 1103 674 venustatem
1150 645 1199 674 ac
1249 630 1549 689 splendorem,

287 712 420 755 quam
445 713 597 742 rerum
621 699 870 742 nouitatem
898 712 946 741 ac
969 698 1220 743 veritatem.
1289 698 1422 744 Amat
1436 715 1547 757 poe-

286 767 393 811 ticas
420 766 660 819 difflone5‚
687 780 819 810 voces
849 772 1062 824 nouatas‚
1111 767 1290 824 atticas,
1323 766 1548 812 obsoletas
1637 795 1645 809 .

289 843 340 878 et
377 834 733 893 dithyrambicas.
806 831 1074 892 Allegoriis'‚
1117 841 1165 879 et
1194 835 1308 879 veris
1344 832 1545 893 falsisque

287 900 444 946 fabulis
479 908 529 946 et
560 899 755 946 flosculis
791 915 847 945 ex
868 901 1137 958 antiquitate
1172 902 1394 959 decerptis
1416 916 1546 947 exor-

279 984 390 1013 nare
413 967 561 1014 studet
581 967 940 1025 declamationes,
961 969 1023 1013 ita
1047 975 1096 1012 vt
1118 967 1259 1013 lector
1294 970 1446 1026 potius
1474 969 1544 1013 in-

278 1037 461 1082 terioris
483 1037 759 1094 antiquitatis
790 1050 966 1093 gnarus,
1015 1050 1146 1094 quam
1172 1038 1247 1094 qui
1286 1043 1463 1083 veteres
1486 1037 1542 1081 ad

279 1103 595 1148 delectandum
624 1104 820 1146 animum
856 1111 932 1146 aut
974 1103 1207 1160 ingenium
1244 1102 1542 1150 excolendum

240 1185 242 1188 ·
279 1173 410 1216 vnice
444 1169 583 1229 legit,
631 1183 716 1212 nec
755 1176 896 1211 artem
939 1165 1058 1210 illar'n
1093 1167 1367 1225 sophisticam
1409 1170 1541 1216 callet

277 1246 518 1294 amatque,
550 1230 827 1296 requiratur.
910 1233 1043 1279 Conf.
1076 1233 1205 1291 ipsius
1238 1234 1543 1282 VVernsdorfii

275 1305 491 1351 iudicium
512 1318 614 1363 pag.
644 1302 798 1348 LVIII.
830 1301 920 1360 sqq.
946 1309 993 1346 et
1021 1302 1255 1347 censorem
1283 1304 1331 1347 in
1362 1304 1541 1363 ephem.

277 1373 419 1419 litter.
452 1372 740 1430 GottingenS.
779 1384 814 1412 a.
847 1374 986 1425 1785.
1018 1367 1134 1430 plag.
1164 1379 1251 1422 128
1281 1387 1381 1430 pag.
1413 1381 1534 1430 1285

273 1442 370 1499 sqq.
396 1440 454 1484 de
471 1436 568 1483 stilo
594 1429 779 1496 arteque
802 1435 1088 1495 sophistarum
1109 1446 1243 1496 atque
1255 1439 1368 1484 adeo
1380 1441 1538 1485 Hime-

274 1511 333 1555 rii
356 1515 485 1553 acute
508 1505 791 1559 sentientem.

376 1575 421 1621 6.
449 1575 583 1622 Conf.
617 1573 746 1620 Saxii
780 1571 836 1625 V.
872 1573 926 1621 C.
955 1573 1184 1626 Onomasp
1219 1574 1327 1623 nter
1358 1578 1395 1625 I.
1433 1591 1535 1645 pag·
1568 1618 1571 1621 ἢ
1640 1579 1659 1635 s.

271 1657 387 1711 413.
411 1645 477 1720 sq.

810 1788 851 1840 §0
926 1798 1001 1844 ιφ

671 1872 1134 1921 THEMISTIVS.

310 2030 314 2034 .
391 2001 431 2049 xj.
460 1986 632 2033 Floruit
656 1987 732 2032 sub
753 1988 1095 2046 imperatoribus
1120 1983 1399 2044 Constantio,
1427 1987 1529 2032 Iuli-

268 2074 356 2105 ano
387 2052 434 2103 et
467 2058 557 2115 sqq.
589 2058 727 2100 immo
759 2056 1004 2114 primordia
1040 2056 1309 2113 principatus
1349 2055 1527 2100 Arcadii

266 2128 458 2186 adtigit,
492 2134 626 2182 atque
647 2140 680 2169 a.
709 2130 816 2183 387.
841 2122 982 2167 adhuc
1006 2125 1053 2167 in
1077 2118 1320 2168 viuisfuiffe
1334 2122 1526 2173 videtur.

369 2207 408 2240 2.
445 2191 685 2253 Paphlago,
719 2190 893 2235 exloco
917 2190 1124 2252 ignobili.
1194 2187 1369 2235 Partem
1402 2204 1529 2234 eum-

265 2264 463 2319 demque
483 2263 530 2304 in
553 2260 825 2304 addiscendis
853 2255 1352 2303 artibusliberalioribus
1369 2265 1418 2302 et
1427 2257 1526 2315 phi.-

258 2329 463 2388 losophia
488 2337 828 2386 praeceptorem
861 2326 1015 2371 habuit
1042 2325 1293 2385 Eugenium,
1324 2324 1526 2370 nobilem

262 2396 596 2458 philosophum.
669 2398 720 2440 In
752 2393 1096 2453 philosophandi
1129 2393 1304 2437 ratione
1339 2392 1522 2439 sestatus

263 2464 328 2511 est
349 2466 693 2523 peripateticos;
729 2477 879 2521 neque
905 2470 1054 2507 tamen
1079 2460 1418 2522 pythagoricam
1455 2461 1524 2504 di-

260 2531 488 2599 sciplinam
506 2539 553 2583 et
571 2530 800 2583 Platonem
815 2561 829 2587 ‚
881 2530 1003 2577 cuius
1023 2527 1337 2598 ¹eloquentiam
1359 2530 1409 2576 in
1430 2529 1524 2606 pri·

1438 2610 1521 2646 mis
