1686 3025
242 259 266 291 2
277 246 339 308 36
448 241 784 291 'ALEXANDER
817 240 1293 291 APHRODISIENSIS.

434 370 784 434 ALEXANDER
816 361 1300 433 APHRODISIEIZSIS.

340 516 381 548 ι.
415 500 538 546 Vixit
568 501 681 544 circa
711 515 749 544 a.
785 500 836 545 C.
871 510 979 557 204.
1003 500 1136 545 etiam
1168 498 1266 558 post
1290 499 1494 560 Septimii

233 570 387 617 Seueri
402 569 683 626 imperatoris
707 568 899 613 obitum.

338 650 381 683 2.
418 635 480 680 Ex
503 633 836 693 Aphrodisiade,
871 634 1024 681 Cariae
1049 635 1174 687 vrbe,
1207 629 1495 695 Aphrodizen·

217 704 278 761 fis
303 704 671 764 cognominatus,
723 703 932 748 Hermini
967 709 1014 746 et
1036 700 1256 745 Aristoclis
1286 697 1492 746 Meffenii

228 770 601 831 philosophorum
622 771 1018 828 peripateticorum
1051 766 1316 826 discipulus,
1360 769 1493 813 adeo-

229 855 316 898 que
338 839 429 897 ipse
450 831 947 896 purusperipate‘ticus,
997 838 1073 895 qui
1099 836 1255 894 placita
1279 835 1492 881 Aristote-

229 906 281 950 lis
305 921 406 950 cum
427 906 614 954 aliorum
638 904 1011 962 philosophorum
1043 904 1274 949 sententiis
1293 919 1378 948 nec
1408 904 1490 955 mi-

230 974 344 1019 scuit
360 989 445 1018 nec
471 974 768 1030 comparauit:
817 973 875 1017 de
897 973 986 1015 deo
1011 981 1162 1016 tamen
1195 986 1386 1028 curaque
1416 971 1490 1014 dei

228 1042 416 1099 prouida
443 1043 590 1086 mitius
613 1038 755 1085 senfit.
825 1043 986 1099 Magna
1007 1038 1267 1082 auetoritate
1294 1049 1343 1082 et
1362 1038 1490 1081 disci-

228 1108 438 1166 pulorum
456 1142 467 1161 ‚
503 1109 578 1165 qui
604 1109 655 1151 ab
681 1123 736 1151 eo
762 1106 1026 1152 Alexandrei
1049 1108 1319 1149 vocabantur
1343 1106 1486 1162 copia,
1542 1136 1543 1142 ,
1634 1125 1655 1135 κ

229 1174 400 1220 floruit.
484 1176 820 1230 Peripateticum
862 1188 974 1217 vero
1018 1170 1343 1229 philosophiam
1376 1168 1487 1216 iuffu

223 1243 426 1300 Septimii
449 1243 600 1287 Seueri
631 1249 678 1286 et
715 1241 936 1284 Antonini
978 1238 1244 1289 Caracallae,
1299 1240 1490 1296 impera-

226 1318 380 1354 torum
395 1341 409 1363 ‚
442 1309 627 1354 Athenis
652 1316 728 1352 aut
750 1307 1037 1351 Alexandriae
1061 1306 1233 1356 docuit,
1268 1306 1387 1361 non,>
1403 1308 1488 1351 Ro.

223 1392 337 1423 mae.
375 1380 557 1422 Praeter
575 1390 625 1419 ea
647 1376 732 1419 arti
755 1375 954 1418 medicae
985 1381 1190 1430 operatus
1214 1373 1389 1419 dicitur.

327 1458 370 1504 3.
406 1442 547 1488 Nlulta
572 1439 760 1499 scripsit,
792 1443 1028 1499 praecipue
1060 1441 1109 1484 'in
1139 1441 1282 1484 varios
1320 1437 1486 1485 Aristo-

225 1510 327 1558 telis
339 1511 476 1555 libros
489 1517 816 1555 commentatus
831 1508 907 1563 est,
919 1509 974 1571 de
987 1509 1140 1566 quibus
1152 1508 1197 1552 in
1210 1509 1332 1553 Fabr.
1348 1510 1393 1553 B.
1406 1509 1485 1554 Gr.

223 1596 317 1638 cap.
345 1579 402 1624 de
427 1576 691 1630 Aristotele,
723 1575 814 1621 vol.
836 1578 910 1622 111.
933 1578 1105 1621 vberius
1127 1576 1396 1632 disputatum
1409 1573 1486 1632 est,

222 1663 264 1693 e.
298 1663 343 1707 g.
370 1648 417 1690 in
452 1647 645 1702 primum
679 1645 880 1702 priorum
911 1641 1275 1702 Analyficorum,
1333 1641 1483 1699 (Fabr.

223 1730 324 1774 pag.
352 1714 470 1770 215.)
491 1714 539 1756 in
562 1712 846 1771 CategoriaS,
880 1711 1113 1767 (Fabi-..21
1129 1713 1189 1760 1.)
1223 1711 1270 1752 in
1282 1711 1481 1766 Topico-

222 1797 323 1830 rum
359 1779 521 1831 libros,
566 1780 720 1836 (Fabr.
752 1793 851 1837 pag.
878 1776 1002 1834 217)
1028 1777 1075 1821 in
1097 1774 1197 1822 libr.
1250 1784 1482 1822 meteoro-

219 1848 315 1909 log.
352 1849 427 1906 qui
462 1857 611 1892 tamen
646 1848 698 1890 ab
726 1844 817 1889 aliis
846 1845 1152 1890 abiudicantur
1171 1843 1273 1888 huic
1296 1842 1482 1888 Alexan.

222 1918 330 1968 dro,
365 1913 513 1974 (Fabr.
537 1930 579 1973 p.
601 1920 688 1966 228
716 1914 777 1972 sq.
809 1928 852 1970 p.
891 1925 980 1971 231
1013 1911 1094 1970 sq)
1150 1911 1198 1954 in
1232 1909 1396 1955 librum
1420 1912 1478 1955 de
1534 1920 1543 1941 ι’

223 1984 374 2034 sensa,
408 1978 807 2042 (Fabr.pag.237.)
842 1979 1036 2025 inlibros
1050 1976 1474 2035 metaphysicorum:

225 2044 489 2111 quamquam
529 2051 679 2110 grauia
703 2049 995 2106 proferuntur
1015 2062 1039 2090 a
1060 2047 1163 2090 viris
1185 2045 1324 2090 docstis
1345 2061 1477 2107 argu-

220 2128 398 2171 menta,
435 2116 666 2177 quibusad
699 2115 992 2161 dubitandum
1025 2111 1320 2172 impellimur,
1366 2127 1476 2158 num

220 2186 285 2232 illi
297 2186 606 2232 commentarii
619 2180 913 2228 Alexandrum
933 2182 1131 2240 Aphrod.
1153 2196 1259 2226 vere
1282 2181 1475 2226 habeant

220 2254 474 2301 audiorem:
519 2269 558 2299 v.
580 2251 704 2310 plura
736 2251 790 2295 ad
823 2253 944 2296 Fabr.
966 2265 1074 2323 pag.
1099 2259 1208 2305 257.
1241 2247 1300 2305 sq.
1321 2257 1472 2305 atque,

175 2360 177 2363 .
200 2319 420 2365 'Buhlium
443 2322 500 2365 de
525 2327 868 2365 commentator.
893 2333 961 2377 gr.
986 2313 1261 2366 Aristotelis,⁴
1288 2323 1402 2360 tom.
1431 2328 1472 2361 1.
1497 2327 1501 2329 ·
1589 2342 1597 2349 -

219 2390 339 2448 Opp.
359 2388 538 2435 Aristot.
561 2403 661 2445 pag.
689 2400 796 2446 292.
823 2386 897 2429 vbi
920 2383 993 2428 ille
1025 2397 1203 2441 quoque
1232 2398 1329 2442 pag.
1356 2387 1469 2440 287.

217 2457 310 2515 sqq.
339 2455 518 2514 copiose
539 2456 631 2518 agit
664 2454 719 2498 de
738 2447 979 2496 Alexandro
1006 2445 1191 2513 Aphrod.
1215 2458 1262 2495 et
1287 2448 1471 2493 Alexan-

214 2519 295 2569 dro
321 2524 501 2585 Aegaw,
536 2524 607 2569 cui
631 2520 730 2567 illos
758 2520 915 2568 tribuit
939 2521 1145 2565 Patricius
1170 2526 1256 2571 etc.
1289 2520 1480 2565 Praeter·

1417 2598 1470 2630 ea
