1686 3025
299 286 319 347 i
328 308 388 360 58
563 297 843 346 CLAVDIVS
880 297 1277 352 PTOLEMAEVS.

287 420 410 469 Num
429 425 661 482 scriptores
684 433 788 469 ante
812 422 1115 469 Ptolemaeum
1140 424 1390 479 statuerint,
1421 427 1542 491 mare

289 492 547 536 adriaticum
570 506 670 535 cum
692 493 847 535 Ionico
884 500 930 537 et
954 491 1095 537 Siculo
1127 495 1418 538 concundtum
1438 490 1542 550 effe,

290 575 373 602 nec
397 574 471 615 ne,
502 567 547 603 et
574 569 724 603 Vtrum
756 557 1031 616 ptolemaeus
1063 562 1191 603 maris
1223 560 1417 606 adriatici
1451 576 1543 605 am-

288 627 431 670 bitum
453 627 618 683 primus
643 626 696 670 ad
724 628 904 672 Cretam
927 641 1062 684 vsque
1088 626 1394 684 amplificarit‘?
1436 643 1547 672 con--

287 691 501 737 trouerfia
522 702 621 738 orta
645 685 706 737 est
729 696 846 745 inter
866 695 922 739 D.
945 693 1165 753 Ignatium
1196 695 1435 754 Georgium,
1460 697 1540 739 Be·

283 759 572 813 neditstinum,
608 776 630 804 a
657 776 746 818 quo
766 761 949 817 scriptus
975 760 1038 804 est
1057 760 1112 805 D.
1136 759 1310 804 Paullus
1341 759 1540 824 apostolus

282 826 332 870 in
359 829 481 885 mari,
514 829 635 886 quod
655 844 770 871 nunc
799 829 996 881 Venetus¹
1021 826 1133 871 finus
1156 828 1331 880 dicitur.
1366 832 1539 873 naut‘ra-

284 908 382 953 gus,
418 903 464 939 et
477 894 654 939 Melitae
670 894 1236 953 Dalmatenfisinsulaepost
1263 898 1539 956 naufragium

283 961 458 1018 hospes.
490 963 561 1018 (ad
584 962 688 1006 Aera
712 961 892 1018 apostol.
923 961 1101 1006 XXVII.
1138 976 1210 1020 27.
1247 964 1443 1007 XXVIII.
1475 962 1536 1018 1.)

283 1026 491 1072 venetiis
518 1042 654 1087 1730.
684 1039 730 1073 et
756 1028 800 1072 C.
824 1027 878 1073 Io.
899 1027 1002 1074 Ant.
1027 1029 1212 1071 Ciantar
1235 1030 1291 1073 de
1314 1025 1367 1075 Β.
1400 1028 1534 1073 Paulo

283 1095 482 1152 apostolo
506 1097 552 1139 in
579 1094 808 1145 Melitam,
836 1094 1236 1141 Siculo-Adriatici
1265 1098 1393 1140 maris
1416 1097 1535 1140 insu-

283 1162 395 1216 lam,
433 1166 645 1220 naufrago
682 1162 847 1212 eiecto,
885 1158 1119 1206 differtatt.
1150 1162 1456 1222 apologeticae
1486 1165 1535 1207 in

281 1229 573 1286 inspectiones
599 1230 860 1271 anticriticas
878 1230 927 1271 P..
963 1230 1005 1272 P.
1038 1229 1095 1272 D.
1130 1224 1230 1287 Ign.
1259 1231 1443 1288 Georgii
1475 1231 1533 1274 de

280 1293 505 1342 Melitenfi
527 1292 712 1351 apostoli
723 1294 1176 1353 naufragio.Venetiis
1194 1309 1211 1338 1
1222 1308 1250 1352 7
1259 1309 1280 1355 3
1293 1303 1334 1346 8.
1349 1310 1396 1353 4.
1413 1299 1535 1343 conf.
1605 1313 1608 1318 ·

278 1362 609 1422 Bazngartenii
629 1360 880 1406 Nachricht.
903 1368 1016 1406 tom.
1043 1363 1158 1406 VIII.
1179 1377 1276 1422 pag.
1305 1370 1410 1420 157.
1438 1363 1532 1421 sqq.

280 1430 328 1474 et
361 1431 464 1487 169.
484 1429 577 1486 sqq.
608 1460 659 1467 -
724 1427 1059 1486 Ptolemaeum,
1102 1430 1177 1486 qui
1214 1429 1529 1490 geographiam

275 1495 459 1555 scripsit,
488 1496 696 1540 eumdem
720 1491 806 1539 esse
830 1511 878 1539 ac
900 1510 1029 1547 eum,
1079 1498 1155 1556 qui
1183 1496 1528 1542 astronomicum

275 1564 436 1609 librum
459 1565 677 1616 confecit,
709 1563 937 1607 dubitabat
963 1562 1132 1605 Werner
1161 1565 1208 1607 in
1240 1573 1349 1608 nota
1379 1566 1432 1609 ad
1453 1564 1529 1611 lib.

275 1633 309 1676 Ι.
334 1647 425 1688 cap.
443 1638 483 1682 8.
498 1633 652 1689 quiain
666 1630 751 1673 hoc
764 1631 906 1686 capite
927 1631 1098 1674 mentio
1109 1627 1185 1674 fiat
1208 1629 1304 1673 Iulii
1320 1633 1527 1684 Materni,

276 1707 325 1743 et
348 1699 580 1743 discrimen
603 1696 932 1755 longitudinum
952 1695 1078 1747 aliter
1101 1706 1372 1753 exponatur,
1406 1713 1454 1742 ac
1477 1700 1524 1743 in

271 1766 471 1824 syntaxi3
525 1765 599 1808 sed
636 1761 679 1808 P.
711 1761 891 1808 Stanisl.
927 1762 1110 1805 Conouai
1144 1767 1310 1809 refutat
1341 1780 1443 1809 eum
1476 1767 1526 1810 in

267 1829 582 1892 Differtazioni
624 1828 726 1874 dell’
758 1830 990 1874 Academia
1022 1830 1203 1878 Etrusca
1233 1833 1277 1875 di
1306 1833 1525 1892 Cortona,

271 1908 385 1946 tom.
410 1902 482 1946 IX.
505 1915 542 1943 a.
575 1911 713 1956 1791.
735 1900 832 1941 mai.
854 1912 901 1955 4.
936 1914 1003 1941 nr.
1040 1899 1155 1945 XIII.
1186 1901 1306 1944 conf.
1344 1899 1521 1956 ephem.

268 1966 409 2012 litter.
434 1967 638 2025 Gotting.
662 1981 699 2009 a.
732 1978 873 2025 1793.
897 1963 1003 2011 scid.
1034 1978 1141 2022 127.
1165 1980 1278 2025 pag:
1296 1966 1433 2026 1269.
1461 1968 1520 2026 sq.
1544 2012 1558 2019 χ

270 2033 335 2078 Μ,
368 2028 515 2087 Iu'slini
542 2032 659 2075 Eliae
687 2029 961 2084 Wiillemanni
982 2028 1074 2077 diff.
1109 2033 1166 2076 de
1201 2035 1376 2078 vrbibus'
1409 2036 1519 2079 Ger-

268 2104 439 2146 maniae
463 2115 647 2160 magnae
685 2099 891 2143 secudum
933 2099 1251 2144 Ptolemaeum.
1277 2102 1519 2147 Witteber·

267 2185 351 2231 gae
384 2182 521 2226 1755.
545 2183 591 2225 4.
626 2183 716 2212 rec.
754 2169 800 2210 in
821 2165 1016 2227 Longolii
1052 2168 1213 2212 notitia
1236 2162 1516 2213 Hermundu-

267 2250 424 2281 rorum
445 2249 530 2281 etc.
557 2236 674 2280 edita
695 2248 718 2278 a
740 2233 777 2280 I.
806 2232 944 2280 Henr.
972 2233 1169 2277 Martino
1191 2233 1367 2289 Ernesti,
1403 2244 1516 2280 torn.

263 2305 317 2349 ΙΙ.
343 2305 621 2363 Noribergae
653 2312 791 2359 1793.
816 2307 856 2353 8.
881 2316 977 2362 pag.
996 2316 1076 2360 49.
1111 2302 1173 2359 sq.
1208 2310 1255 2346 et
1289 2302 1516 2352 Wiistem.

263 2371 370 2415 ibid.
395 2371 589 2415 laudauit
612 2365 811 2411 Hs'eia'leri
832 2369 942 2426 disp.
967 2369 1022 2412 de
1048 2367 1278 2413 latitudine
1301 2378 1348 2414 et
1365 2369 1515 2432 longi·
1604 2397 1609 2401 ·

262 2440 420 2483 tudine
442 2439 810 2495 Wittenbergae‚
853 2444 899 2479 et
929 2436 984 2478 de
1019 2434 1223 2496 Celaegia
1253 2435 1512 2485 Ptolemaei,

261 2506 370 2549 Ibid.
389 2520 487 2563 pag.
513 2501 886 2561 71.W1·zstemanni
913 2498 1001 2545 diff,
1030 2503 1087 2545 de
1106 2505 1432 2549 Hermunduris
1461 2514 1512 2552 et

260 2571 502 2632 Thuringis
531 2571 770 2616 secundum
800 2568 1129 2626 Ptolemaeum,
1161 2570 1310 2618 habita
1343 2572 1510 2618 Witte·

369 2655 371 2658 ⁴
1381 2641 1507 2702 berg·
