1686 3025
579 243 947 317 PORPHYRIVS.
1296 259 1391 312 293

229 375 293 420 Ex
319 370 555 438 Porphyrii
588 373 833 432 deperditis
858 372 977 420 libris
1009 372 1066 418 de
1093 370 1254 427 statuis,
1291 376 1388 432 Sty-

130 458 189 504 ge
211 455 259 489 et
278 445 441 493 viribus
461 444 594 488 animi
634 441 730 489 loca
750 444 925 489 inuenit
948 440 1001 486 cl.
1025 440 1192 487 Heeren
1219 442 1266 485 in
1289 444 1388 487 Sto·

128 513 230 556 baei
266 510 431 571 eclogis
469 508 666 569 phyficis.
736 512 787 555 In
822 509 1011 554 Eusebio
1042 509 1143 555 sunt
1177 519 1385 567 excerpta

31 573 33 586 ²
90 573 93 575 ’
128 594 184 624 ex
205 578 320 624 libro
346 579 585 636 deperdito
605 579 662 622 de
683 580 842 638 anima,
880 593 903 622 a
925 578 1221 636 superioribus
1234 577 1383 623 diuer-

30 646 32 718 ξ
126 647 199 706 sa,
233 647 499 692 obseruante
523 646 687 690 eodem
713 647 764 692 V.
786 645 853 692 Cl.

233 711 466 777 Porphyrii
485 712 623 758 libell.
645 715 702 758 de
727 712 950 772 prosodia,
984 713 1063 767 (de
1096 728 1187 772 quo
1217 729 1257 760 v.
1283 708 1384 756 Hol-

117 777 228 839 stcn.
265 783 313 827 in
340 777 434 826 diff.
471 782 529 826 de
563 783 654 827 vita
690 790 738 827 et
769 781 937 840 scriptis
960 779 1124 839 Porph.
1144 797 1239 839 cap.
1262 778 1380 836 VII.)

28 855 29 910 J
124 850 294 907 primus
320 865 345 894 e
366 849 466 894 cod.
494 851 674 894 Veneto
717 849 859 894 edidit
895 843 1112 904 Villoison,
1145 850 1193 892 in
1224 848 1382 892 anecd.

32 955 38 961 .
122 917 311 977 graecis,
336 925 451 961 tom.
473 918 528 960 ΙΙ.
555 932 599 974 p.
627 930 736 974 103.
759 916 855 973 sqq.

222 996 268 1041 ς.
303 983 340 1026 A
360 982 570 1043 Longino
593 991 736 1028 artem
770 985 885 1028 bene
915 982 1151 1035 scribendi,
1183 996 1207 1025 a
1243 978 1383 1026 Ploti-

26 1082 27 1087 η
123 1052 188 1096 no
224 1058 380 1096 contra
412 1046 586 1096 acutam
617 1050 823 1109 quidem,
856 1059 900 1096 at
919 1049 1178 1108 perplexam
1201 1062 1385 1106 quoque

26 1143 27 1158 ;
120 1126 174 1168 ,εἰ
195 1119 432 1177 captiosam
462 1119 692 1179 cogitandi
718 1126 766 1164 et
796 1119 978 1163 dicendi
1006 1119 1229 1163 rationem
1260 1131 1383 1161 acce-

121 1187 205 1245 pit.
274 1187 427 1232 Cultui
447 1194 600 1231 tamen
621 1186 812 1230 deorum
833 1185 1046 1230 addustos
1056 1177 1218 1230 veritas
1244 1193 1292 1228 et
1316 1183 1387 1227 lu·
1474 1228 1478 1233 ,

123 1268 230 1298 men
252 1250 764 1298 do&rinae⁷cl1ristianae
791 1254 958 1314 coegit,
990 1260 1055 1306 vt,
1092 1251 1146 1296 ad
1179 1249 1383 1310 supersti-

121 1322 297 1365 tionem
336 1321 454 1364 suam
482 1321 817 1375 vindicandam,
860 1323 912 1365 ab
949 1318 1155 1373 friuolam,
1210 1319 1383 1375 ineptas

123 1396 445 1446 contortasque
472 1387 777 1448 mythologiae
803 1396 851 1434 et
874 1386 1043 1432 fabulae
1064 1382 1383 1444 antiquiffimae

121 1458 424 1516 confugerent
444 1456 860 1513 interpretationes-

223 1523 268 1567 6.
303 1523 416 1567 Vide·
444 1518 639 1565 Fabricii
671 1524 718 1569 B.
756 1525 830 1569 Gr.
865 1520 968 1566 Vol.
1000 1523 1077 1568 IV.
1123 1536 1222 1582 pag.
1261 1534 1380 1580 207·

22 1595 23 1606 ²
118 1589 331 1636 Bruckeri
358 1589 510 1647 histor.
537 1589 697 1647 philos.
729 1593 829 1636 crit.
860 1593 996 1634 Tom.
1033 1591 1087 1634 11.
1126 1605 1228 1648 pag.
1265 1602 1289 1631 2
1301 1588 1380 1648 36.

118 1652 404 1716 Hambergeri
423 1660 472 1701 Z.
494 1659 535 1701 N
542 1686 553 1701 .
579 1655 681 1700 Vol.
703 1658 758 1701 Π.
782 1672 884 1717 pag.
911 1657 1024 1714 641.
1058 1655 1186 1699 Saxii
1206 1657 1381 1707 Onom.

115 1723 236 1772 liter.
263 1722 294 1770 1.
315 1737 414 1783 pag.
439 1730 549 1783 37‘5.
570 1723 633 1780 sq.

147 1833 150 1836 ,
219 1803 260 1846 7.
293 1790 637 1852 Distinguendus
662 1788 723 1835 est
738 1787 1014 1853 Porphyrius,
1048 1787 1271 1835 Siculuset
1285 1789 1379 1847 phi-

116 1858 355 1917 losophus,
395 1861 470 1916 qui
501 1857 670 1905 claruit.
701 1860 801 1902 circ.
837 1873 875 1904 a.
911 1859 998 1906 Ch.
1032 1872 1145 1911 400.
1185 1859 1376 1905 deorum

19 1960 20 1988 3
117 1928 300 1985 quidem
321 1925 494 1982 cult0r3
528 1934 573 1971 at
597 1927 869 1978 moderatus,
899 1925 1010 1971 teste
1034 1927 1215 1984 quidem
1237 1925 1377 1985 Augu·

18 1990 20 1997 ’
108 1993 222 2052 stino
244 1995 302 2038 de
325 1993 528 2042 conseru.
560 2008 717 2052 euang.
737 1993 811 2039 lib.
835 1996 867 2037 Ι.
895 2008 986 2051 cap.
1013 2007 1055 2051 ς.
1077 2005 1125 2038 et
1159 2007 1227 2050 15.
1243 2004 1289 2038 et
1303 1994 1374 2036 ad-

116 2069 305 2107 notante
329 2060 564 2121 Mongitor.
592 2061 639 2104 in
662 2060 765 2106 bibl.
793 2059 921 2105 ficula
944 2072 1057 2105 tom.
1081 2062 1136 2107 Η.
1162 2076 1260 2122 pag.
1282 2074 1368 2119 191

18 2104 19 2110 ἵ
113 2129 211 2190 sqq.
234 2130 308 2174 vbi
328 2126 492 2173 multus
511 2127 572 2173 est
588 2128 646 2173 de
671 2136 865 2185 Vtroque
891 2128 1175 2188 Porphyrio„

523 2244 967 2365 ALC5ng9nON.

224 2398 415 2448 1‘.Intra
458 2403 697 2447 Lucianum
740 2413 788 2448 et
827 2402 1146 2451 Aristaenetum
1181 2402 1373 2451 collocat

116 2481 223 2513 eum
250 2465 359 2511 Saxa
392 2470 449 2514 V.
479 2470 545 2525 C„
578 2485 713 2531 quem
743 2471 861 2525 vide,
898 2473 944 2516 in
979 2471 1215 2535 Onomast„
1234 2471 1301 2521 lit.
1326 2469 1373 2533 ¹I.

117 2550 222 2597 Pag-
251 2540 360 2595 384·
386 2535 481 2597 sqq·
724 2604 765 2653 T
802 2619 827 2668 3
1203 2622 1226 2655 2
1272 2607 1362 2657 Scri
