1686 3025
234 293 254 328 1
266 286 290 335 8
300 293 325 325 2
692 274 1018 330 PAVSANIAS.

234 392 336 450 rum
356 403 532 450 ciuilem
566 403 680 461 pacis
716 401 908 461 bellique
939 403 1241 462 temporibuS,
1276 405 1489 464 imperio-

235 488 337 517 rum
358 469 567 517 successus
589 479 636 516 et
657 473 758 525 fata,
792 486 950 530 regum
972 472 1309 529 principumque
1334 472 1491 517 famili·

235 554 310 598 as,
344 538 473 585 (itum
493 540 741 598 regionum,
777 536 998 582 bellorum
1024 534 1180 582 cauffas
1207 541 1402 585 etexitus
1414 555 1490 598 pa-

151 637 154 639 *
236 608 387 663 cisque
414 613 528 650 artes
553 604 732 663 copiose
756 604 994 663 descripfit,
1020 606 1093 650 sed
1118 607 1266 663 etiam,
1281 608 1327 650 in
1342 610 1488 665 eoque

235 669 508 730 potissimum
534 688 671 734 opera
694 688 882 731 curaque
904 674 1071 718 versata
1090 672 1165 723 est,
1200 673 1381 732 templa,
1417 689 1491 718 ae·-

234 738 377 784 dificia
402 738 597 800 insignia,
620 740 789 794 statuas,
817 741 1048 800 imagineS,
1074 740 1358 794 summorum,
1379 757 1494 798 quos

234 807 426 866 protulit
444 808 695 866 antiquitas,
730 806 947 854 artificum
969 815 1285 863 monumenta,
1317 810 1494 853 vrbium

232 872 514 932 aliorumque
536 873 746 920 locorum
766 885 1041 929 ornamenta,
1070 875 1201 920 festos
1222 871 1327 928 dies,
1346 875 1493 929 ludos,

234 943 436 996 donaria,
468 950 516 987 et
538 957 839 1000 quaecumque
865 941 1043 1004 fingulis
1068 941 1178 987 locis
1191 941 1381 1000 speetatu
1397 957 1492 987 me-

231 1018 505 1066 moratuque
529 1009 663 1069 digna
686 1005 891 1066 fuissent,
921 1024 1082 1067 resque
1112 1008 1239 1067 saepe
1262 1004 1493 1054 minutiffi-

231 1091 341 1128 mas,
377 1076 617 1136 diligenter
639 1077 855 1134 exposuit.
924 1077 1057 1127 Quod
1087 1077 1316 1122 interdum
1341 1092 1408 1121 res
1432 1079 1494 1120 fa-

231 1142 437 1197 bulosas,
469 1145 598 1187 nimis
622 1141 851 1196 credulus,
886 1144 1111 1200 prodidit3
1156 1144 1203 1187 id
1237 1145 1358 1187 bono
1391 1143 1494 1188 scri-

232 1212 359 1268 ptori
379 1209 503 1254 facile
525 1210 800 1254 condonabit:
826 1210 967 1253 leetor
992 1225 1182 1267 aequus:
1215 1219 1347 1268 atque
1367 1210 1494 1270 sagax

231 1276 522 1334 prudensque
548 1277 696 1321 editor
720 1291 823 1321 vera
848 1293 871 1320 a
898 1275 1005 1321 falfis
1022 1276 1495 1322 discernetled'torem-

208 1381 219 1391 ,
237 1359 326 1401 que
351 1360 373 1387 a
394 1345 522 1403 nugis
546 1352 751 1389 veterum
773 1343 1021 1400 praestabit.
1088 1340 1495 1388 Praestantissimum

232 1416 460 1468 quemque
483 1418 687 1454 veterum
705 1409 1016 1454 historicorum
1038 1409 1201 1455 imitari
1212 1410 1376 1457 studuit
1386 1413 1495 1455 Pau-

232 1477 370 1522 sanias
382 1491 394 1534 3
431 1491 577 1536 neque
597 1484 749 1522 tamen
769 1493 925 1521 eorum
947 1477 1205 1522 suauitatem
1218 1487 1350 1536 atque
1365 1480 1497 1522 vber-

231 1550 378 1590 tatem
401 1546 511 1588 vitio
534 1543 607 1588 vel
631 1546 799 1602 patriae
822 1544 934 1597 suae,
951 1543 1022 1589 vel
1035 1540 1190 1589 saeculi
1217 1544 1331 1589 illius
1341 1544 1412 1589 vel
1426 1545 1494 1589 se-

232 1612 441 1664 nedmtis,
460 1627 570 1669 quae
594 1627 617 1655 a
639 1612 769 1655 succo
795 1612 1094 1670 sanguineque
1106 1611 1291 1655 iuuenili
1303 1613 1495 1672 ingenii-

236 1694 325 1736 que
346 1678 579 1724 fertilitate
606 1685 652 1723 et
674 1680 831 1739 vigore
869 1676 1060 1723 multum
1093 1679 1326 1723 remittere
1361 1678 1492 1736 solet,

227 1744 470 1790 ‘scribendo
502 1745 770 1802 adsequutus
803 1743 878 1789 est.
944 1747 1145 1802 Namque
1177 1748 1414 1802 abruptum
1445 1754 1495 1791 et

236 1813 461 1856 concisum
493 1812 711 1856 scribendi
745 1826 883 1871 genus
918 1820 964 1857 et
992 1811 1313 1857 sententiarum
1346 1807 1494 1856 breui-
1531 1843 1539 1852 .

233 1887 377 1924 tatem
416 1881 747 1937 verborumque
777 1878 1120 1931 obscuritatem,
1175 1894 1305 1935 quam
1341 1887 1494 1924 tamen

232 1947 452 2003 imperitis
475 1945 660 1990 librariis
690 1954 765 1991 aut
788 1944 967 1991 vltimae
994 1947 1268 2003 antiquitatis
1282 1947 1494 2006 ignoran-

231 2016 322 2058 tiae
346 2014 573 2058 interdum
594 2013 880 2059 tribuendam
904 2009 989 2058 effe
1015 2014 1235 2070 arbitror,
1271 2015 1318 2058 in
1340 2015 1493 2073 primis

230 2084 408 2126 amauit.

333 2148 377 2192 6.
409 2164 450 2192 v.
474 2143 670 2189 Fabricii
688 2149 733 2191 B.
760 2148 836 2192 Gr.
858 2145 980 2192 Libr.
1002 2147 1074 2191 IV.
1093 2165 1185 2207 cap.
1212 2163 1229 2193 1
1243 2163 1280 2206 ς.
1295 2147 1396 2196 Vol.
1415 2150 1493 2194 111.

231 2230 331 2275 pag.
355 2218 466 2273 467.
502 2210 775 2274 Hamberger.
809 2214 982 2261 Zuverl.
1004 2217 1163 2262 Nachr.
1186 2215 1285 2260 Vol.
1312 2216 1364 2260 11.
1394 2231 1494 2276 pag.

233 2295 347 2340 399.
389 2281 518 2325 Saxii
530 2281 757 2328 Onomast.
773 2282 839 2327 lit.
855 2285 889 2329 Ι.
916 2298 1015 2343 pag.
1045 2297 1157 2341 321.
1182 2306 1247 2317 --
1281 2281 1495 2325 Palmerii

225 2350 444 2394 -Exercitt⁴
483 2350 537 2393 ad
580 2349 781 2393 auctores
811 2365 994 2408 graecos
1031 2363 1143 2410 pag.‘
1162 2361 1276 2408 357.
1307 2345 1398 2408 sqq.
1436 2376 1487 2385 -

228 2415 436 2458 smum-en
482 2418 818 2461 emendationes
857 2419 904 2460 in
934 2417 1183 2460 Pausaniam
1222 2419 1268 2461 in
1312 2414 1495 2464 Miscell.

228 2482 420 2527 Obseru.
445 2483 544 2529 Vol.
566 2485 620 2528 X.
648 2486 782 2526 Tom.
808 2482 861 2526 ΙΙ.
883 2498 982 2542 pag.
1010 2485 1120 2541 296.
1138 2509 1198 2519 --
1262 2483 1498 2529 SevinOb-

224 2548 339 2596 seru.
379 2550 449 2595 sur
483 2550 525 2595 le
557 2558 682 2595 texte
717 2550 774 2594 de
807 2550 1056 2607 Pausaniam,
1089 2553 1137 2597 in
1175 2550 1354 2604 histoire
1389 2551 1445 2594 de
1469 2549 1499 2594 Γ

1359 2616 1495 2666 Acad.
