1753 3005
533 221 833 278 Dmmsms
855 227 1212 277 PERIEGETES.
1460 245 1497 293 7

237 354 477 414 etindice,
526 371 549 400 a
584 354 697 402 Guz'l.
731 354 836 399 Hill.
866 354 1060 400 Londini
1101 358 1242 413 1658.
1272 359 1320 400 et
1351 354 1493 415 1679.

239 427 283 473 8.
320 447 377 456 —
410 431 543 481 atque
586 439 686 467 cum
722 423 934 469 Eustathii
966 424 1314 475 commentario,
1353 426 1492 468 notis-

235 503 322 546 que
347 490 581 547 Stephani,
626 490 812 542 Moreli,
850 492 1091 548 Ceporini,
1136 506 1184 534 ac
1204 491 1347 548 Papii,
1380 492 1489 536 ibid.

241 556 385 607 1688.
407 564 448 609 8.
484 577 532 586 —
562 573 629 617 gr.
656 572 755 600 cum
775 556 977 601 versione
1001 561 1061 603 H.
1088 556 1310 615 Stephani,
1346 565 1392 602 et
1404 573 1489 602 no-

231 623 287 667 tis
311 631 442 681 atque
457 627 509 670 A.
538 625 654 681 Papii
670 623 941 681 metaphrasi.
983 624 1163 670 Salmur.
1200 626 1338 680 1676.
1359 629 1403 675 8.
1429 644 1487 654 -

229 690 449 734 Lacunam
498 692 734 751 ingentem
782 692 830 734 in
883 690 1105 735 Eustathio
1143 693 1196 735 ad
1230 689 1419 749 Dionysii
1439 707 1484 737 V.

233 762 328 814 889
350 789 399 797 -
424 771 535 815 917.
570 773 594 801 e
615 759 769 802 codice
799 756 1091 801 Holsteniano
1127 760 1173 802 in
1198 757 1486 803 *bibliotheca

227 821 384 878 latina,
419 826 669 884 Hamburgi
703 824 840 882 1696.
869 826 1033 882 primus
1058 824 1339 882 suppleuerat
1371 827 1403 869 Ι.
1427 828 1485 872 A.

226 892 461 938 Fabricius.
539 894 644 935 Hoc
676 891 1033 949 supplementum
1076 892 1256 935 inseruit
1293 888 1486 936 Eduard.

232 953 447 1000 Thinaites
475 959 575 1002 suae
611 959 823 1012 editioni,
850 959 1108 1016 inscriptae:
1146 983 1205 992 --
1243 957 1371 1002 Dion.
1395 959 1484 1003 Or-

227 1026 293 1068 bis
323 1024 559 1082 descriptio
576 1058 588 1080 -,
645 1042 745 1071 cum
766 1035 983 1070 >veterum
1009 1025 1181 1070 scholiis
1204 1034 1251 1070 et
1273 1024 1483 1070 Eustathii

225 1095 571 1139 commentariis.
639 1095 825 1138 Accedit
848 1091 1083 1153 Periegesis
1106 1093 1334 1144 Prisciani,
1378 1107 1482 1138 cum

224 1161 344 1204 notis
373 1161 576 1205 Andreae
602 1163 744 1219 Papii,
786 1160 985 1205 Oxoniae
1031 1161 1166 1219 1697.
1204 1166 1248 1212 8.
1284 1157 1392 1204 Bafis
1417 1159 1482 1204 est

224 1233 371 1272 textus
393 1230 453 1272 H.
470 1228 704 1288 Stephani,
739 1231 856 1273 cuius
881 1243 1062 1286 quoque
1086 1225 1226 1272 versio
1239 1228 1386 1271 addita
1401 1225 1479 1273 est.

231 1288 737 1353 Thlras'tesvero'primus
750 1297 876 1340 dedit
907 1310 931 1339 e
952 1295 1081 1341 codd.
1098 1294 1345 1339 Bodleianis
1361 1293 1484 1354 glos-

223 1359 286 1403 sas
319 1361 625 1406 interlineares
660 1378 834 1421 graecas
872 1371 920 1407 et
962 1360 1237 1419 paraphrasin
1273 1376 1479 1421 graecam

223 1429 450 1483 Anonymi
474 1427 738 1474 scholiastae.
804 1431 983 1473 Praeter
1005 1437 1133 1472 notas
1162 1436 1209 1473 et
1234 1427 1478 1488 castigatio-

223 1509 301 1537 nes
324 1494 486 1538 adiecit
504 1510 592 1539 var.
623 1494 835 1539 [efflones
869 1510 922 1538 ex
954 1497 1091 1541 MSSt.
1118 1495 1248 1541 codd.
1273 1505 1321 1539 et
1344 1496 1479 1542 editt.

220 1559 547 1616 Stephanorum
574 1568 709 1617 atque
741 1562 1062 1617 interpretibus
1092 1562 1239 1618 priscis
1260 1559 1478 1617 Dionysii,

220 1633 269 1670 et
288 1627 453 1670 indices
476 1627 609 1673 codd.
634 1634 767 1685 atque
795 1628 1045 1670 editionum
1071 1626 1298 1686 Dionysii,
1345 1644 1477 1673 voca-

219 1690 426 1737 bulorum
450 1695 650 1737 omniurn
667 1724 679 1746 ,
721 1709 831 1751 quae
859 1695 905 1736 in
929 1692 1144 1752 Dionysio
1168 1696 1473 1751 reperiuntur,

218 1768 268 1805 et
298 1760 586 1818 scriptorum,
639 1776 750 1818 quos
783 1759 1027 1805 Eustathius
1060 1762 1106 1804 in
1140 1764 1473 1805 commentariis

220 1830 406 1872 excitat:
440 1829 631 1886 denique
655 1826 819 1873 tabulas
844 1829 1038 1885 quinque
1066 1828 1392 1887 Geographicas
1415 1830 1473 1874 de

218 1909 341 1939 nouo
371 1894 609 1940 delineatas
641 1910 689 1939 ac
722 1893 932 1951 Dionysio
972 1904 1019 1939 et
1047 1894 1271 1939 Eustathio
1291 1897 1473 1940 adcom-

217 1963 430 2007 modatas.
466 1986 532 1998 ·---
561 1964 831 2007 Huius-anni
848 1963 1056 2006 editionis
1080 1962 1340 2019 exemplaria
1363 1962 1467 2007 loco

217 2031 363 2086 quarti
383 2027 617 2074 voluminis
654 2030 882 2074 interdum
909 2030 1079 2082 addita,
1133 2030 1234 2074 sunt
1261 2031 1471 2074 Hudsoni

214 2096 418 2155 scriptor.
451 2112 519 2157 gr.
551 2099 658 2144 min.
683 2095 1127 2158 geograph.veteris3
1159 2098 1212 2140 ab
1237 2112 1293 2141 eo
1317 2105 1470 2143 tamen

179 2159 182 2163 ⁴
214 2161 365 2220 postea
389 2162 617 2208 confilium
639 2161 761 2209 fuiffe
787 2173 1028 2216 mutatum,
1073 2162 1221 2220 postea
1240 2165 1468 2208 adnotabi-

214 2238 306 2276 tur.
362 2247 393 2255 ···
426 2231 552 2275 Dion.
589 2247 656 2291 gr.
686 2231 821 2276 etlat.
851 2221 1098 2274 cum'notis
1140 2231 1288 2290 Geor-g,
1327 2230 1463 2273 Henr.

217 2296 382 2354 Vrsini,
410 2298 627 2356 Gymnasii
647 2300 872 2345 Ratisbon.
897 2298 1085 2341 Restm-e
1111 2306 1158 2342 et
1184 2295 1301 2342 Prof.
1327 2298 1467 2343 Ratis-

213 2365 359 2410 bonae
377 2379 514 2424 1705.
541 2373 585 2418 8.
618 2389 684 2399 —-
713 2369 895 2411 Nouum
917 2362 1188 2424 Dionysium,
1224 2365 1298 2422 qui
1318 2379 1467 2409 veroa

213 2439 366 2478 vetere
394 2441 570 2479 tantum
606 2449 772 2492 paene,
852 2440 1064 2490 quantum
1087 2447 1110 2474 a
1131 2440 1251 2477 terra
1273 2430 1465 2480 coelum.

213 2497 369 2599 distat,
412 2501 515 2548 dare
545 2501 734 2549 instituit
763 2494 954 2545 Eduard.
986 2496 1135 2548 Wells
1177 2516 1234 2528 ·-
1272 2498 1413 2555 Di073y
1429 2498 1465 2539 ti

768 2567 810 2613 A
840 2579 875 2626 4
1280 2565 1464 2628 Geogra-
